1968 3346
287 187 590 233 EXCERPTA
618 187 690 227 DE
718 184 870 229 VIRT.
899 186 978 230 ET
1008 186 1121 230 Vl'r.
1149 186 1196 228 L.
1227 185 1428 228 V1.—X.
1496 190 1555 232 87

156 302 258 356 ρίαν
288 300 351 344 ἔτι
380 301 428 345 δὲ
456 299 534 350 τοὶς
564 296 696 349 ἄλλοις
726 294 898 354 ἀρετάς,
930 298 1005 341 ἰ’σα
1032 301 1155 349 θεοῖς
1173 297 1294 355 παρα
1322 302 1415 350 τοῖς
1434 298 1551 355 Κρο-
1580 308 1635 345 70

153 373 388 409 τωνιαταις
418 357 605 411 ἐτιμᾶτο.

103 417 156 452 ῖ56
257 412 355 456 ’Ότι
396 408 706 469 Κροτωνιάτης
741 426 807 461 τις
845 408 1005 453 Κύλων
1034 407 1194 466 όνομα,
1234 427 1287 468 τῃ
1317 409 1448 467 οὐσίᾳ
1476 410 1552 454 καὶ

154 468 261 540 δόξῃ
289 474 465 540 πρῶτος
493 484 583 512 των
611 471 829 518 πολιτῶν,
861 465 1127 536 ἐπεθύμησε
1148 455 1459 522 Πυθαγόρειος
1486 483 1552 537 γε-

151 526 324 570 νέσθαι.
365 525 429 571 ὠν
467 526 514 569 δὲ
549 522 732 580 χαλεπὸς
769 523 843 566 καὶ
889 526 1031 576 βίαιος
1077 521 1158 566 τὸν
1195 523 1360 578 τρόπον
1401 524 1463 567 ε’τι
1502 524 1549 568 δὲ

152 582 412 642 στασιαστής
438 582 512 627 καὶ
548 579 833 636 τυραννικός,
871 578 1216 650 ἀπεδοκιμάσθη.
1257 581 1600 636 παροξυνθεὶς7

151 643 236 684 οὐν
272 644 334 697 τῷ
370 637 611 708 συστήματι
638 640 728 680 τῶν
758 639 1080 690 Πυθαγορείων
1113 636 1328 691 ἑταιρείαν
1357 637 1547 706 μεγάλην

150 684 470 768 συνεστήσατο,
509 694 584 738 καὶ
622 693 799 738 διετέλει
837 692 983 737 πάντα
1020 694 1096 737 καὶ
1133 693 1272 750 λέγων
1308 694 1383 737 καὶ
1411 693 1545 750 πράτ-

149 768 238 796 των
265 751 358 796 κατ’
388 750 547 795 αὐτων.

250 808 350 852 ’Ότι
377 806 518 858 Λύσις
547 805 572 850 6
603 803 917 875 Πυθαγόρειος
952 806 1015 856 εἷς
1050 804 1197 862 Θήβας
1224 808 1316 874 τῆς
1331 807 1544 857 Βοιωτίας

85 893 87 896 <
145 864 380 934 γενόμενος
409 863 672 915 διδασκαλος
695 861 1053 918 Ἐπαμινώνδου,
1082 867 1243 906 τοῦτον
1273 879 1351 933 μεν
1378 863 1541 906 τέλειον
1569 875 1625 915 80

147 921 291 976 ἄνδρα
327 921 436 992 πρὸς
457 919 638 990 ,ἀρετήν
675 920 928 991 κατέστησε,
972 920 1046 962 καὶ
1074 919 1213 974 πατὴρ
1246 917 1383 962 αὐτοῦ
1413 920 1542 970 θετὸς

144 977 313 1034 ἐγένετο
344 975 396 1021 δι’
427 977 620 1021 εὔνοιαν.
651 975 674 1020 6
707 976 752 1020 δε
777 974 1108 1044 Ἐπαμινώνδας
1134 980 1210 1032 τῆς
1237 992 1283 1019 τε
1311 978 1544 1030 καρτερίας

145 1035 221 1078 καὶ
257 1034 479 1091 λιτότητος
516 1035 590 1077 καὶ
629 1049 719 1077 των
759 1031 904 1076 α’λλων
943 1031 1131 1102 (Qatnu),
1149 1033 1196 1076 ἐκ
1206 1037 1302 1101 τῆς
1332 1037 1542 1088 Πυθαγο-

145 1093 269 1143 ρείου
299 1092 567 1160 φιλοσοφίας
603 1089 854 1144 εναύσματα
880 1092 1046 1160 λαβων
1077 1088 1132 1132 οὐ
1162 1088 1302 1145 μόνον
1333 1092 1541 1146 Θηβαίων

143 1146 254 1192 ἄλλα
286 1149 359 1192 καὶ
388 1146 575 1191 πάντων
596 1151 686 1189 τῶν
714 1145 805 1189 κατ’
836 1143 972 1190 αὐτὸν
1001 1145 1258 1216 ἐπρώτευεν.
1568 1157 1624 1198 85

243 1203 344 1248 “On
375 1204 452 1259 [δὲ]
484 1220 574 1246 των
593 1201 928 1273 προγεγονότων
945 1202 1124 1258 ἀνδρων
1148 1201 1180 1273 ἡ
1199 1219 1288 1246 των
1307 1203 1416 1273 βίων
1436 1200 1540 1246 ἀνα-

140 1261 291 1333 γραφη
323 1263 560 1312 δυςκολίαν
587 1277 666 1316 μεν
694 1259 926 1316 παρέχεται
953 1265 1045 1311 τοῖς
1073 1259 1346 1315 γραφουσιν,
1379 1258 1544 1329 ω’φελεῖ

141 1317 186 1362 6²
217 1317 273 1362 οὐ
300 1319 485 1388 μετρίως
516 1317 596 1360 τὸν
620 1319 776 1361 κοινὸν
802 1319 914 1373 βίον.
944 1317 1066 1387 μετὰ
1077 1318 1321 1373 παῤῥησίας
1348 1317 1434 1372 γαρ
1466 1319 1538 1373 δη-

140 1379 284 1419 λοῦσα
319 1392 373 1418 τα
410 1377 554 1424 καλως
591 1373 844 1429 πραχθέντα
878 1374 982 1425 τούς
1021 1391 1101 1429 μεν
1134 1374 1351 1447 αγαθούς
1371 1379 1539 1442 κοσμεῖ,
1567 1385 1623 1426 90

138 1447 245 1482 τους
282 1431 329 1475 δὲ
366 1430 594 1487 πονηροὺς
630 1435 850 1482 ταπεινοῖ,
891 1430 964 1475 διὰ
1007 1447 1096 1474 των
1129 1434 1303 1475 οἰκείων
1331 1429 1540 1481 εκάστους

138 1488 364 1544 ἐγκωμίων
393 1504 438 1531 τε
482 1488 558 1530 καὶ
595 1487 759 1557 ψόγων.
795 1487 883 1530 ε’στι
924 1485 965 1530 δ’
999 1485 1022 1530 6
1053 1504 1132 1543 μεν
1161 1488 1364 1539 ἔπαινος,
1394 1505 1453 1539 ως
1484 1488 1540 1531 ἄν

25 1568 31 1577 =
73 1581 75 1587 ⁴
138 1562 207 1596 τις
237 1547 372 1596 εἴποι,
404 1544 598 1587 ε’παθλον
630 1542 785 1598 ἀρετῆς
814 1542 1067 1596 ἀδάπανον,
1109 1544 1133 1588 6
1170 1546 1216 1590 δὲ
1244 1544 1383 1601 ψόγος
1413 1561 1541 1600 τιμω-

139 1605 215 1656 ρία
255 1599 532 1670 φαυλότητος
571 1616 677 1643 ανευ
709 1605 896 1667 πληγῆς
938 1600 1078 1644 καλὸν
1114 1601 1160 1644 δὲ
1198 1607 1290 1652 τοῖς
1318 1618 1538 1658 μεταγενε-

140 1658 310 1711 στέροις
345 1657 610 1702 ὑποκεῖσθαι
649 1654 761 1700 διότι
797 1659 907 1725 βίον
939 1654 1036 1701 οἷον
1079 1655 1137 1700 ἄν
1165 1675 1231 1709 τις
1259 1660 1406 1729 ε’ληται
1435 1664 1535 1713 ζων,
1565 1670 1620 1711 95

137 1713 345 1786 τοιαύτης
382 1713 672 1770 ἀξιωθήσεται
710 1730 815 1768 μετα
859 1711 938 1756 τόν
976 1711 1179 1758 θανατον
1221 1715 1414 1784 μνήμης,
1461 1718 1536 1760 ἱνα

137 1771 197 1827 μὴ
225 1773 341 1840 περὶ
351 1774 428 1821 τὰς
456 1775 543 1814 τῶν
578 1771 765 1812 λιθίνων
793 1771 1016 1825 μνημείων
1043 1771 1316 1822 κατασκευας
1344 1772 1536 1817 σπουδα-

137 1832 290 1881 ζωσιν,
323 1826 352 1870 ὁὶ
380 1827 453 1870 καὶ
481 1826 619 1870 τόπον
647 1842 725 1868 ενα
759 1826 927 1880 κατέχει
954 1827 1029 1869 καὶ
1058 1832 1237 1883 φθορᾶς
1265 1826 1406 1880 ὀξείας
1434 1846 1535 1899 τυγ-

135 1900 280 1941 χανει,
310 1883 420 1927 αλλὰ
448 1883 547 1938 περὶ
576 1880 713 1937 λόγον
737 1883 812 1925 καὶ
839 1882 916 1933 τὰς
945 1883 1079 1935 ἄλλας
1106 1884 1282 1937 αρετάς,
1317 1889 1364 1929 αι
1391 1903 1533 1944 παντῃ
1566 1897 1646 1939 100

138 1944 327 2009 φοιτῶσι
356 1940 430 1984 δια
457 1945 533 1995 τῆς
571 1956 731 1994 φήμης.
765 1937 789 1983 ὁ
823 1940 868 1982 δὲ
895 1939 1052 1994 χρόνος
1082 1939 1106 1983 6
1130 1941 1274 1983 πάντα
1302 1946 1533 2011 μαραίνων

135 1997 272 2040 τᾶλλα
297 1996 459 2048 ταύτας
489 1995 740 2046 αθανάτους
776 1995 1008 2052 φυλάττει,
1043 1998 1117 2041 καὶ
1146 2000 1438 2054 πρεσβύτερος
1467 2017 1534 2056 γε-

135 2053 321 2125 νόμενος
350 2053 486 2104 αὐτας
512 2053 674 2103 ταύτας
703 2057 823 2096 ποιεῖ
849 2054 1075 2123 νεωτέρας.
1115 2057 1240 2125 ζῆλος
1270 2055 1317 2099 δὲ
1346 2057 1416 2100 επὶ
1441 2074 1533 2100 των

135 2110 314 2165 ἀνδρῶν
339 2111 508 2181 ἐγένετο
524 2110 873 2180 προειρημένος·
912 2108 1050 2154 πάλαι
1076 2110 1160 2167 γὰρ
1200 2113 1428 2169 γεγονότες
1457 2113 1534 2169 ὥς-
1590 2124 1617 2166 5

134 2183 216 2224 περ
237 2172 328 2239 ’νῦν
358 2168 480 2218 ὄντες
507 2165 597 2210 ὑπὸ
625 2183 806 2209 παντων
834 2165 1198 2236 μνημονεύονται.

237 2223 336 2268 ’Ότι
377 2223 402 2269 ὁ
442 2223 683 2280 Καμβύσης
719 2218 775 2280 ἦν
812 2223 892 2279 μὲν
912 2223 1053 2293 φύσει
1083 2223 1266 2279 μανικὸς
1293 2226 1367 2269 καὶ
1394 2242 1535 2298 παρα-

133 2298 374 2352 κεκινηκως
402 2285 495 2332 τοῖς
523 2285 773 2335 λογισμοῖς,
811 2279 926 2324 πολὺ
969 2281 1016 2325 δὲ
1045 2286 1213 2336 μᾶλλον
1243 2281 1380 2326 αὐτόν
1409 2282 1534 2341 ωμόν

134 2339 209 2383 καὶ
233 2337 526 2410 υπερήφανον
554 2337 691 2380 ἐποίει
719 2337 769 2380 τὸ
797 2341 874 2392 τῆς
903 2340 1125 2406 βασιλείας
1154 2338 1352 2393 μέγεθος.

235 2394 336 2438 ι’Ότι
363 2394 607 2463 Καμβύσης
637 2391 661 2437 6
669 2393 856 2463 Πέρσης
883 2393 990 2464 μετὰ
1017 2395 1098 2452 τήν
1127 2395 1287 2439 ἅλωσιν
1307 2396 1532 2468 Μέμφεως
1563 2409 1614 2451 10

134 2452 209 2497 καὶ
239 2453 497 2509 Πηλουσίου
525 2451 607 2508 τὴν
633 2447 836 2508 εὐτυχίαν
863 2449 920 2497 οὐ
949 2451 1101 2508 φέρων
1128 2450 1426 2509 ανθρωπίνως
1451 2455 1530 2499 τὸν

226 2575 309 2612 556.
331 2576 391 2612 83.
412 2575 626 2620 ἐναύσματα
642 2576 814 2634 Valesius,
838 2575 1028 2621 ἔνοῖσματα
1050 2578 1081 2612 V
1219 2577 1277 2614 86.
1301 2592 1360 2616 οτι
1383 2576 1483 2625 δὲ]
1468 2577 1527 2616 ότι

133 2624 300 2660 Reiskius
436 2624 495 2659 91.
519 2621 710 2667 εκάστονς]
729 2622 897 2665 εκάστοις
913 2624 1079 2659 Reiskius
1214 2625 1273 2660 95.
1297 2625 1430 2671 οῖὀν],
1434 2629 1526 2669 ,MS.

136 2670 214 2706 οἶοι
225 2673 248 2690 “
272 2670 404 2706 VMAEs
439 2671 666 2712 „Salmasius
698 2669 780 2706 οἷον
810 2672 847 2706 in
879 2683 918 2707 eo
942 2672 1031 2717 legit
1042 2673 1066 2690 ‘⁶
1104 2670 1339 2707 Wssssxemmc.
1488 2674 1523 2707 3.

136 2715 269 2761 αὐτάς]
297 2719 453 2761 praestat
475 2717 623 2750 fortasse
647 2714 765 2756 αὐτὸς
923 2717 959 2752 4.
974 2698 1265 2773 προειρημένος]
1293 2715 1314 2753 6
1339 2731 1400 2761 πρ.
1424 2719 1526 2753 Reis-

137 2764 217 2797 kiuss
377 2762 435 2795 10
470 2761 718 2807 Μέμφεως],
722 2765 921 2811 ‚legebatur
940 2763 1134 2811 Μέμφιος,
1166 2765 1256 2811 quod
1279 2777 1319 2802 ca:
1343 2766 1421 2803 MS.
1447 2767 1525 2803 Sal*

139 2810 267 2846 masc‘us
293 2809 472 2846 concxw‘
507 2809 685 2845 wssssffl
686 2820 732 2845 G-
