1968 3346
323 265 405 304 164
459 258 759 302 EXCERPTA
787 257 1161 303 LEGATIONVM
1187 260 1237 303 L.
1266 257 1462 303 XXVIII.
1481 261 1675 304 -XXX.

325 374 462 417 τινῶν
491 371 538 415 65
565 373 657 416 τῶν
685 356 857 417 πόλεων
886 370 1157 428 ἀφίστασθαι
1198 370 1273 416 καὶ
1310 369 1422 427 παρ’
1451 371 1581 416 ἐνίων
1607 371 1716 425 τούς

327 429 645 484 ὀφειλομένους
683 429 856 485 φόρους
885 429 943 486 μή
973 429 1231 499 λαμβάνειν
1261 433 1399 473 ταῦτα
1427 429 1509 485 γὰρ
1540 430 1592 473 οὐ
1622 436 1716 481 τοῖς

327 486 371 538 ἐξ
395 488 497 529 ἰ’σου
526 485 606 542 τὴν
636 489 787 543 φιλίαν
825 486 1106 557 ποιουμένοις
1143 487 1247 538 ἔθος
1286 484 1398 530 εἶναι
1434 490 1578 530 ποιεῖν
1607 484 1716 530 ἄλλα

328 547 420 594 τοῖς
453 543 627 615 πολέμῳ
664 543 938 599 νενικηκόσι·
989 542 1094 594 τοὺς
1122 543 1168 586 65
1203 542 1315 598 πρὸς
1346 540 1481 586 αὐτόν
1510 543 1717 614 πρεσβεύ·

251 608 304 648 30
332 616 463 650 οντας
493 599 560 643 ἐπὶ
589 603 863 672 Λυσιμαχίαν
893 600 1172 650 ἐπιτακτικῶς
1193 600 1312 656 αὐτῷ
1336 600 1599 643 διαστέλλειν
1618 599 1718 652 περὶ

327 656 509 700 τούτων
555 655 754 727 Ἀντιόχῳ
781 658 826 701 65
855 657 966 728 πρὸς
991 656 1238 711 (Ρωμαιους
1263 649 1454 711 πόλεμον
1483 656 1562 712 μὲν
1589 655 1719 725 μηδέ-

329 729 437 784 ποτε
461 713 708 784 γεγονέναι·
745 717 897 777 φιλίαν
921 712 966 757 δ’
986 713 1041 757 ἂν
1065 714 1307 758 συνθέσθαι
1332 713 1584 785 βούλωνται
1605 712 1719 766 πρὸς

332 768 490 822 αὐτόν,
530 770 706 840 ἕτοιμον
737 776 864 814 εἰναι.
906 769 929 814 ὁ
962 771 1007 814 65
1042 772 1280 824 Φλαμίνιος
1316 770 1400 840 ἐφη
1441 773 1570 813 δυοῖν
1605 785 1718 824 πρα-

246 832 299 873 85
329 826 506 883 γμάτων
535 826 678 871 ὄντων
708 827 855 883 ἕτερον
883 832 944 885 τῷ
973 831 1145 898 βασιλεῖ
1156 827 1250 897 την
1280 827 1522 898 σύγκλητον
1553 839 1713 882 συγχω-
1700 832 1787 867 -620

329 888 447 938 ρεῖν,
496 885 532 927 εἰ
562 885 641 940 μὲν
670 885 876 956 βούλεται
914 889 991 940 τῆς
1028 883 1252 954 Εὐρώπης
1288 882 1550 954 απέχεσθαι,
1581 884 1720 956 μηδὲν

326 946 709 1011 πολυπραγμονεῖν
734 941 974 997 Ρωμαίους
1003 945 1092 984 τῶν
1120 942 1231 985 κατὰ
1271 940 1351 996 τὴν
1385 940 1555 983 Ἀσίαν
1603 943 1639 984 εἰ
1670 940 1718 983 65

327 1002 458 1041 τοῦτο
491 998 548 1053 μὴ
579 1004 879 1053 προαιρεῖται,
908 997 1141 1054 γινώσκειν
1171 998 1237 1042 ὅτι
1260 998 1469 1052 Ρωμαῖοι
1497 1001 1590 1048 τοῖς
1620 996 1721 1040 ἔαυ-

328 1072 418 1097 των
447 1057 594 1124 φίλοις
622 1055 1050 1125 καταδουλουμένοις
1088 1054 1379 1127 βοηθήσουσι.
1428 1058 1517 1097 τῶν
1547 1054 1593 1097 65
1622 1069 1722 1108 πρε-

246 1118 300 1157 90
332 1115 404 1183 σβε
397 1116 527 1155 υτών
566 1110 930 1181 οἷποκριναμένων
959 1129 1018 1163 ως
1049 1112 1179 1156 οὐδὲν
1215 1116 1392 1155 τοιοῦτο
1421 1110 1722 1166 συνθήσονται

333 1167 385 1212 δι’
427 1170 481 1211 οὐ
521 1170 839 1213 ταπεινώσουσι
877 1169 956 1224 τὴν
996 1168 1206 1238 βασιλέως
1247 1167 1407 1240 ἀρχήν,
1447 1186 1499 1225 τῃ
1539 1168 1720 1224 ἐχομένῃ

330 1229 422 1275 τοῖς
448 1226 654 1282 Έλλησιν
686 1226 710 1282 ἡ
747 1225 1000 1297 σύγκλητος
1020 1231 1136 1269 εἰπεν
1166 1225 1226 1277 ὠς
1256 1226 1332 1270 ἐὰν
1359 1225 1575 1297 Ἀντίοχος
1603 1241 1722 1278 περι-

333 1281 561 1338 εργάζηταί
598 1299 639 1326 τι
675 1287 764 1326 τῶν
801 1300 911 1326 κατα
950 1299 1031 1353 την
1063 1282 1330 1354 Εὐρώπην,
1369 1281 1577 1337 Ῥωμαῖοι
1613 1279 1719 1336 μετοέ

248 1340 302 1381 95
333 1343 495 1394 πολλης
525 1341 718 1395 σπουδῆς
747 1339 853 1390 τούς
882 1340 993 1383 κατα
1022 1339 1102 1396 τήν
1136 1339 1284 1383 Ἀσίαν
1309 1338 1523 1393 ’Έλληνας
1552 1338 1723 1382 ἐλευθε-

332 1395 568 1450 ρώσουσιν.
600 1396 989 1465 ἐπισημηναμένων
1023 1398 1068 1440 65
1098 1414 1187 1440 των
1220 1397 1267 1440 ἐκ
1292 1401 1368 1452 τῆς
1392 1395 1596 1447 Ελλάδος
1625 1411 1725 1448 πρε-

331 1455 542 1508 σβευτῶν,
574 1469 616 1495 οι
644 1452 764 1506 παρα
795 1456 875 1496 τοῦ
904 1453 1113 1509 βασιλέως
1142 1452 1298 1523 ἠξίουν
1317 1470 1361 1497 τε
1380 1453 1458 1510 τὴν
1479 1453 1723 1524 σύγκλητον

330 1510 640 1566 ἐνθυμηθῆναι
667 1510 831 1579 ἡλίκων
860 1509 1078 1564 ἑκατέροις
1111 1510 1369 1566 κατάρχεται
1398 1509 1619 1554 κινδύνων
1648 1508 1723 1552 καὶ

333 1567 468 1623 μηδὲν
497 1567 656 1622 ταχέως
686 1582 912 1620 πραττειν,
944 1566 1050 1609 αλλὰ
1081 1571 1141 1626 τῷ
1171 1571 1343 1623 βασιλεῖ
1370 1569 1531 1610 δοῦναι
1558 1565 1724 1622 χρόνον

252 1626 392 1675 ῙΟΟείς
423 1623 588 1680 βουλήν
623 1624 698 1668 καὶ
737 1621 876 1680 αὐτὴν
914 1613 1253 1681 ἐπιμελέστερον
1277 1624 1378 1678 περὶ
1412 1623 1585 1667 τούτων
1618 1626 1725 1680 βου-

331 1679 552 1725 λεύεσθαι.

275 1713 304 1751 5
434 1737 533 1780 “On
561 1741 653 1787 τοῖς
683 1737 897 1787 Αἰτωλοῖς
918 1735 1406 1809 διαπρεσβευσαμένοις
1428 1737 1540 1808 περὶ
1578 1733 1727 1781 διαλύ-

277 1770 303 1811 5
335 1807 447 1864 σέων
488 1794 772 1865 ἐδογμάτισεν
798 1793 839 1864 ἡ
873 1792 1113 1850 σύγκλητος
1142 1794 1170 1851 ἢ
1199 1811 1253 1837 τα
1282 1793 1386 1837 καθ
1421 1793 1608 1846 ἑαυτούς
1637 1794 1726 1838 ἐπι·-

334 1852 507 1905 τρέπειν
530 1849 761 1905 Ρωμαίοις
790 1850 818 1908 ἢ
845 1853 962 1906 χίλια
990 1851 1181 1895 τάλαντα
1210 1851 1429 1907 ἀργυρίου
1461 1854 1620 1896 δοῦναι
1648 1866 1727 1894 πα-

335 1913 537 1980 ραχρῆμα
563 1907 804 1961 Ῥωμαίοις.
860 1909 903 1950 οἱ
933 1908 979 1951 65
1010 1909 1083 1952 διὰ
1119 1909 1200 1965 τὴν
1240 1908 1500 1981 αποτομίαν
1515 1913 1589 1964 τῆς
1622 1906 1728 1951 ἄπο·

334 1968 516 2019 κρίσεως
545 1963 600 2009 ου’
630 1962 971 2019 προςδεξάμενοι
999 1968 1052 2007 τα
1082 1966 1433 2020 προςταττόμενα
1465 1967 1523 2016 εἰς
1552 1964 1727 2021 φόβους

255 2027 305 2066 10
335 2023 408 2066 καὶ
449 2022 662 2077 μεγάλους
702 2021 941 2072 κινδύνους
981 2021 1207 2066 ἐνέπεσον·
1250 2022 1624 2093 συνηγωνισμένοι
1662 2024 1726 2078 τῷ

333 2083 502 2135 βασιλεῖ
537 2079 835 2130 ἓκτενὲστατα,
885 2080 946 2129 εἰς
983 2077 1171 2136 ἀπορίαν
1210 2078 1463 2128 ἐνέπιπτον,
1512 2065 1726 2136 οὐδεμίαν

278 2172 306 2209 6
336 2136 834 2248 §nssaagbkgoyffiglgag
861 2139 1118 2245 ffiffi'zavog
1151 2208 1258 2242 τους
1283 2188 1527 2247 Ῥωμαίους
1556 2193 1617 2243 εἷς
1625 2190 1728 2262 τὴν

256 2227 305 2268 15
334 2247 478 2292 Ἀσίαν
503 2249 820 2305 διαβεβηκέναι,
852 2248 1123 2318 πρεσβευτην
1152 2248 1355 2303 ἐξέπεμψε
1378 2249 1489 2303 πρὸς
1518 2251 1597 2293 τὸν
1616 2248 1729 2292 ὕπα-

336 2323 415 2348 τον
441 2304 727 2375 Πρακλείδην
755 2306 833 2348 τὸν
863 2305 1107 2357 Βυζάντιον
1136 2307 1236 2360 περι
1268 2304 1534 2359 διαλύσεων,
1575 2304 1731 2349 ἀποδι-

253 2371 306 2412 20
337 2362 444 2413 δούς
474 2362 552 2417 μὲν
582 2380 660 2418 την
689 2362 890 2418 ἡμίσειαν
920 2367 997 2433 τῆς
1029 2362 1248 2418 δαπανης,
1290 2363 1440 2413 διδοὺς
1470 2363 1517 2406 65
1546 2362 1729 2418 Λάμψα-

336 2436 418 2462 κον
456 2420 530 2462 καὶ
561 2419 779 2474 Σμύρναν
809 2419 883 2462 καὶ
920 2417 1263 2473 Ἀλεξάνδρειαν,
1307 2419 1365 2463 δι’
1399 2420 1450 2470 ἂς
1481 2418 1504 2463 ὁ
1540 2419 1730 2476 πόλεμος

337 2474 480 2520 ἐδόκει
508 2481 778 2533 κεκινῆσθαι
811 2477 941 2519 αὑται
968 2492 1054 2531 γαρ
1087 2478 1133 2519 αἱ
1160 2475 1310 2527 πόλεις
1338 2481 1510 2532 πρῶται
1537 2493 1627 2520 των
1654 2492 1731 2520 κα-

336 2589 394 2623 79.
420 2587 460 2624 δὲ
484 2601 553 2623 om.
579 2590 619 2623 M
756 2588 814 2624 83.
839 2587 1049 2636 βούλωνται
1075 2590 1128 2624 ed.
1153 2589 1353 2633 Bipontina‚
1382 2588 1685 2649 ssovszovwav

430 2636 487 2670 8³¹1.
525 2636 743 2678 Φλαμίνιος,
778 2641 817 2669 ut
849 2636 1008 2679 videtur,
1042 2637 1102 2679 Μ,
1142 2638 1368 2680 Φλαμινῖνος
1392 2638 1424 2672 V
1585 2634 1729 2683 ἕτερον]

340 2682 449 2716 immo
471 2680 511 2716 τό
536 2681 662 2728 ε’τερον
684 2663 743 2716 vel,
763 2681 931 2726 θάτερον

432 2751 514 2786 620.
547 2752 603 2786 89.
636 2749 1018 2807 καταδουλουμένοις]
1065 2749 1412 2794 καταδουλωιιένοις
1448 2753 1523 2786 MV
1667 2748 1726 2784 90.

339 2794 449 2833 οὐδὲν
471 2798 648 2842 τοιοῦτο]
676 2795 764 2833 οὐδὲ
788 2809 961 2833 τοιουτου
986 2798 1026 2830 Μ
1164 2799 1223 2832 10.
1247 2800 1320 2846 τιὸ]
1347 2797 1387 2833 65
1410 2799 1462 2845 τῷ
1486 2796 1650 2832 Reiskius

336 2844 394 2878 18.
416 2842 657 2888 Ηρακλείδην
673 2846 723 2885 Μ,
746 2841 961 2888 Ηρακλείδη
988 2844 1020 2878 V
1142 2845 1198 2878 19.
1224 2847 1290 2888 τῆς
1311 2834 1491 2902 δαπάνης,
1516 2843 1646 2884 διδούς
1669 2840 1724 2885 65]

337 2888 420 2925 ἀντὶ
443 2890 484 2926 δὲ
501 2893 565 2938 τῆς
581 2890 751 2937 δαπάνης
768 2890 897 2932 διδούς
915 2891 956 2925 Μ
1048 2889 1104 2926 20.
1127 2887 1413 2938 Ἀλεξάνδρειαν]
1439 2889 1676 2939 Ἀλεξάνδραν
1688 2890 1728 2927 Μ
