1968 3346
427 249 486 290 36
655 241 958 286 EXCERPTA
985 240 1271 284 VATIOANA
1308 240 1355 282 1..
1375 238 1596 283 V11.-—x.

435 355 553 400 οὕτω
596 352 858 409 συνέστηκεν
896 350 1003 403 ω’ςτε
1042 351 1256 407 μηδεμίαν
1296 348 1416 420 αὐτῷ
1448 349 1632 407 φθοραν
1668 365 1713 396 τε
1743 349 1819 395 καὶ

437 410 640 456 διάλυσιν
668 413 892 479 γεννῆσαι
903 408 982 452 τόν
1011 411 1199 462 πολυετῆ
1227 406 1405 463 χρόνον.

539 467 638 510 “On
676 469 828 520 Κῦρος
870 463 894 508 6
930 468 1019 507 τῶν
1049 467 1244 532 Περσῶν
1273 461 1510 530 [βασιλευς]
1551 462 1697 518 ἐπειδὴ
1733 478 1821 506 των

439 523 738 594 Βαβυλωνίων
767 522 841 573 καὶ
877 525 967 564 τῶν
996 519 1168 590 Μήδων
1197 518 1280 588 τὴν
1317 518 1463 574 χώραν
1491 519 1820 574 κατεπολέμησε,

413 586 536 631 5ταῖς
555 580 692 622 ἐλπίσι
713 582 859 621 πᾶσαν
875 575 1189 647 περιελάμβανε
1217 575 1296 631 τὴν
1314 575 1589 630 οἰκουμένην.
1624 591 1713 618 των
1737 575 1821 644 γὰρ

441 640 645 680 δυνατῶν
683 635 756 678 καὶ
795 632 995 688 μεγαλων
1037 634 1182 676 έθνων
1219 630 1692 701 καταπεπολεμημένων
1730 629 1824 674 ἐνό·

440 697 533 750 μιζε
562 691 727 761 μηδένα
756 689 861 746 μήτε
893 689 1071 744 βασιλέα
1101 689 1206 745 μήτε
1235 690 1376 743 δῆμον
1394 686 1725 759 υποστήσεσθαι
1743 687 1823 742 τὴν

441 752 559 793 ἰδίαν
589 747 802 802 δύναμιν·
841 761 931 788 των
959 762 1044 813 γαρ
1081 746 1127 788 έν
1157 745 1369 796 ἐξουσίαις
1399 742 1724 787 ἀνυπευθύνων
1753 743 1825 786 ὄν·

440 821 529 848 των
559 803 792 847 εἰώθεισαν
829 802 939 846 ἔνιοι
974 801 1054 857 τήν
1092 799 1297 857 εὐτυχίαν
1327 818 1385 857 μη
1428 799 1579 857 φέρειν
1611 798 1711 844 κατ’
1751 797 1825 843 ἄν·

386 868 642 916 1Οθρωπον.

556 941 665 981 XLI.
705 936 804 980 “On
832 935 856 980 6
888 932 1176 1004 Πολυκρατης
1215 933 1238 978 6
1277 936 1366 978 τῶν
1396 936 1579 989 Σαμίων
1607 932 1826 1005 τύραννος

445 999 506 1049 εἷς
550 995 657 1046 τοὺς
705 995 1065 1061 επικαιροτατους
1103 992 1266 1042 τόπους
1315 978 1594 1035 αποστέλλων
1637 989 1826 1047 τριήρεις

444 1052 706 1120 ἐλῄστευσεν
733 1050 927 1100 ἅπαντας
955 1048 1059 1097 τοὺς
1088 1049 1321 1101 πλέοντας,
1354 1047 1564 1092 απεδίδου
1596 1048 1642 1092 δὲ
1672 1048 1827 1118 μόνοις

445 1116 538 1161 τοῖς
563 1106 802 1176 συμμάχοις
831 1105 883 1148 τὰ
911 1104 1145 1174 ληφθέντα.
1178 1105 1290 1158 πρὸς
1321 1105 1366 1148 δὲ
1395 1104 1498 1155 τοὺς
1517 1103 1827 1172 μεμφομένους

390 1171 535 1215 15των
565 1162 775 1233 συνηθων
806 1163 850 1206 έλ
849 1178 949 1231 εγεν
981 1178 1041 1212 ως
1075 1160 1232 1211 πάντες
1263 1162 1306 1204 οἱ
1339 1163 1461 1231 φίλοι
1490 1164 1671 1204 πλείονα
1699 1175 1828 1216 χαριν

443 1224 620 1274 ε’ξουσιν
660 1217 955 1275 απολαβόντες
991 1217 1100 1272 ἅπερ
1132 1215 1353 1274 απέβαλον
1380 1234 1488 1274 ηπερ
1526 1216 1663 1274 ἀρχὴν
1692 1217 1828 1272 μηδὲν

445 1274 753 1347 αποβαλόντες.

553 1332 652 1375 Ὀτι
690 1335 783 1381 ταῖς
823 1328 897 1373 (ἔδῖ
899 1346 994 1380 κοις
1030 1330 1239 1383 πραξεσιν
1286 1346 1346 1380 ως
1386 1329 1545 1373 ἐπίπαν
1587 1326 1832 1373 ακολουθεῖ

445 1407 512 1442 τις
547 1388 718 1444 νέμεσις
754 1388 862 1431 οἶκε
855 1388 943 1437 ὀυς
982 1388 1191 1442 τιμωρίας
1230 1391 1324 1438 τοῖς
1371 1384 1704 1443 ἆμαρτανουσιν
1740 1385 1830 1429 ἐπι-

387 1448 658 1519 ξοφέρουσα.

548 1502 648 1545 Ότι
675 1503 794 1544 πᾶσα
822 1515 946 1555 χαρις
967 1498 1290 1569 αμεταμέλητος
1319 1493 1432 1542 οὖσα
1460 1497 1598 1542 καλὸν
1623 1497 1708 1553 ε’χει
1725 1513 1828 1567 καρ-

445 1559 536 1605 πὸν
561 1559 639 1602 τὸν
667 1572 727 1601 πε·
731 1573 788 1616 ρα
813 1559 903 1599 τῶν
932 1553 1323 1625 εὐεργετουμένων
1326 1554 1525 1598 ἔπαινον·
1557 1555 1630 1598 καὶ
1658 1570 1744 1623 γαρ
1774 1554 1830 1597 ἂν

448 1616 508 1686 μὴ
538 1630 717 1664 παντες,
749 1616 810 1663 εἰς
849 1629 903 1680 γε
929 1616 1015 1655 τῶν
1043 1614 1093 1656 εὐ
1121 1609 1413 1656 πεπονθότων
1442 1612 1580 1656 ἐνίοτε
1607 1610 1688 1668 τὴν
1717 1609 1828 1666 ὑπὲρ

447 1687 657 1717 απαντων
690 1670 821 1713 ε’δωκε
850 1668 991 1723 χάριν.

391 1742 451 1785 25
554 1728 653 1771 Ὅτι
659 1724 1021 1797 Ἀριστογείτων
1031 1728 1165 1768 πᾶσιν
1182 1724 1355 1779 ἐποίησε
1382 1723 1577 1780 φανερὸν
1607 1741 1666 1776 ως
1694 1723 1721 1780 ἡ
1751 1728 1886 1780 τῆς34

450 1789 594 1885 ψυέςῆς
625 1781 816 1839 εὐγένεια
845 1780 1065 1838 κατισχύει
1092 1798 1171 1833 τας
1198 1784 1399 1838 μεγίστας
1425 1787 1508 1826 τοῦ
1537 1779 1737 1837 σώματος
1757 1781 1829 1826 αλ·-

446 1858 503 1899 γη
536 1857 654 1892 ονας.

564 1920 694 1961 XLII.
732 1915 833 1961 Ὀτι
862 1916 1071 1986 Ζήνωνος
1104 1920 1187 1960 τοῦ
1224 1915 1478 1987 φιλοσόφου
1517 1916 1592 1960 διοὶ
1629 1917 1710 1990 τήν
1742 1916 1831 1961 ἐπι-

449 1975 633 2035 βουλήν,
653 1973 710 2030 ἢν
727 1989 838 2018 κατα
859 1979 941 2019 τοῦ
957 1972 1162 2030 Νέαρχον
1182 1978 1264 2018 τοῦ
1281 1971 1507 2031 τυράννου
1524 1974 1831 2034 κατεστήσατο,

585 2121 644 2155 36.
668 2121 701 2155 2.
733 2120 896 2166 γενῆσαι]
923 2124 977 2155 Ita
1002 2120 1080 2155 cod.
1113 2120 1209 2153 MAI.

585 2167 645 2202 36.
670 2168 705 2201 3.
739 2166 916 2223 βασιλεῦς
933 2167 1069 2200 addidit
1094 2167 1209 2200 editor
1233 2167 1334 2200 Rom

586 2213 644 2246 36.
670 2211 705 2246 4.
739 2210 1021 2256 κατεπολέμησε]
1049 2210 1339 2255 κατεπολέμησεν
1363 2212 1417 2246 ed.
1443 2213 1544 2247 Rom.

588 2257 646 2292 36.
671 2258 705 2292 7.
742 2259 873 2303 δῆμον]
898 2259 1018 2302 μῆδος
1038 2260 1093 2292 ed.
1110 2260 1209 2291 Rom.
1237 2271 1312 2292 cum
1328 2259 1393 2292 hac
1412 2259 1556 2293 editoris
1581 2259 1830 2295 annotatnone·

494 2302 614 2347 ‚,Cod.
639 2304 780 2348 μῆδον,·
819 2305 912 2350 quod
938 2305 1022 2337 mihi
1047 2304 1229 2337 videbatur
1251 2305 1514 2338 immutandum.
1560 2307 1604 2338 Et
1627 2306 1768 2340 minima
1792 2309 1831 2341 id

495 2350 635 2394 quidem
658 2352 827 2385 varietate
852 2351 944 2391 feci3
971 2360 1177 2394 quamquam
1199 2349 1398 2383 maluissem
1421 2350 1574 2386 scribere
1597 2348 1710 2393 ἔθνος
1735 2367 1828 2399 gen-

495 2405 576 2429 tem.

586 2441 644 2474 36.
668 2441 701 2474 8.
736 2437 1025 2483 ἀνυπευθύνων]
1058 2441 1174 2474 malim
1201 2435 1494 2482 ἀνυπευθύνοις.

587 2487 645 2520 36.
668 2487 703 2520 9.
737 2485 948 2529 εἰώθεισαν]
978 2489 1127 2520 fortasse
1151 2485 1344 2521 εἰώθασιν.

586 2532 645 2565 36.
673 2531 727 2565 15.
761 2529 824 2575 ὥς]
849 2533 974 2576 incipit
999 2534 1130 2566 codicis
1154 2546 1188 2577 p.
1206 2532 1288 2567 248.

587 2577 646 2611 36.
669 2578 728 2613 29.
765 2577 1026 2623 κατεστήσατο]
1053 2579 1175 2612 addidi
1199 2592 1242 2613 ex
1265 2578 1396 2613 Valesii
1419 2579 1612 2624 Excerptis.

537 2709 597 2744 36.
622 2711 680 2746 17.
715 2713 814 2747 Gonf.
838 2713 1010 2747 Hes-‚odot
1027 2713 1088 2747 111.
1111 2713 1169 2747 39.
1200 2714 1299 2751 MAI,

537 2756 594 2790 36.
619 2757 676 2790 20.
711 2758 834 2792 Sermo
859 2771 894 2791 es
897 2764 909 2791 t
932 2759 974 2791 de
997 2760 1192 2803 Polycratis
1214 2759 1396 2804 suppucia.
1422 2760 1579 2794 MA1.in
1603 2759 1689 2794 Add.

537 2802 594 2835 36
619 2802 675 2835 28.
710 2805 824 2838 Locus
859 2809 972 2841 extat
1005 2806 1068 2837 etsi
1094 2817 1163 2838 non
1193 2805 1248 2839 his
1280 2807 1331 2849 ipa
1318 2806 1363 2839 is
1385 2807 1489 2850 plane
1513 2805 1649 2847 verbis,
1682 2806 1718 2841 in
1741 2806 1827 2841 Dio-

445 2845 521 2880 dori
546 2849 714 2893 excerptis
736 2849 921 2886 valesianis
945 2850 1090 2886 Weseel.
1115 2849 1160 2885 T.
1182 2851 1225 2885 11.
1250 2862 1284 2895 p.
1303 2851 1384 2887 55⁷.
1420 2851 1516 2886 MAI.
