1968 3346
462 186 520 226 46
748 181 1048 224 EXCERPTA
1075 165 1271 223 PHoTn
1289 181 1338 223 L
1367 164 1539 224 xxxn.

462 293 677 366 χαγωγίας
695 288 791 336 ἀλλ’
821 291 1067 348 ὠφελείας
1052 292 1179 336 ἕνεκα
1195 295 1283 336 τῶν
1306 290 1710 354 ἀναγινωσκόντων.
1738 296 1839 338 πολ-

465 352 536 395 λοὶ
563 367 649 406 γαρ
675 349 831 407 τέρατα
859 349 913 393 τὰ
950 354 1134 394 τοιαῦτα
1161 352 1407 419 νομίζοντες
1435 354 1547 393 εἰναι
1573 351 1843 406 δεισιδαιμο-

465 411 643 478 νοῦσιν,
679 405 764 450 οὐκ
781 407 975 449 ἰδιῶται
1005 404 1144 463 μόνον
1180 404 1291 450 ἀλλὰ
1329 406 1404 449 καὶ
1440 406 1546 462 ἔθνη
1582 408 1656 449 καὶ
1683 391 1844 458 πόλεις.

466 461 567 507 κατ’
599 461 738 518 ἀρχάς
773 467 885 518 γοῦν
920 466 1002 507 τοῦ
1040 466 1282 516 Μαρσικοῦ
1320 461 1529 531 πολέμου
1539 465 1740 519 πλησίον
1765 468 1846 518 τῆς

382 519 437 561 35
461 517 639 577 Ρώμης
663 519 872 562 οἰκοῦντα
897 532 1033 589 φασιν
1059 518 1286 571 Ἰταλικόν,
1311 517 1584 575 γεγαμηκότα
1611 519 1845 576 παραπλή-

467 588 567 620 σιον
591 581 695 627 τοῖς
710 576 958 646 εἰρημένοις
987 575 1290 631 ανδρόγυνον,
1317 581 1622 645 προςαγγεῖλαι
1649 580 1702 633 τῇ
1733 588 1845 632 συγ.-

465 632 630 706 κλήτῳ,
671 631 772 702 τὴν
784 632 829 675 δὲ
859 632 1298 688 δεισιδαιμονήσασαν
1327 633 1400 676 καὶ
1423 637 1522 684 τοῖς
1545 630 1630 676 ἀπὸ
1664 633 1840 688 Τυρὁε·

465 692 570 740 νίας
587 688 897 756 ἷεροσκόποις
920 694 1173 732 πεισθεῖσαν
1212 693 1351 742 ζῶντα
1396 689 1643 757 προςτάξαι
1668 693 1852 732 καῦσαι.·

383 745 438 788 40
466 751 628 790 τοῦτον
656 747 734 815 μὲν
763 746 846 787 οὐν
875 741 1028 800 ὁμοίας
1055 745 1404 816 κεκοινωνηκότα
1433 744 1626 816 φύσεως,
1657 743 1759 789 ἀλλ’
1789 762 1845 788 ov

466 802 576 858 πρὸς
611 800 825 872 ἀλήθειαν
853 801 979 856 τέρας
996 801 1296 872 γεγενημένον,
1328 802 1476 873 φασὶν
1488 801 1644 875 αγνοίᾳ
1672 806 1748 858 τῆς
1775 800 1847 845 νό-

467 871 553 904 σου
581 857 700 913 παρὰ
729 858 780 902 τὸ
809 862 1030 914 προςῆκον
1064 857 1347 902 ἀπολωλέναι.
1383 857 1476 914 μετ’
1514 858 1680 930 ὀλίγον
1696 859 1743 903 δὲ
1770 858 1854 908 καὶ,

465 914 563 970 παρ’
597 914 843 970 Ἀθηναίοις
869 919 950 958 τοῦ
979 914 1185 959 τοιούτου
1201 915 1442 971 γενομένου
1471 915 1543 959 διὰ
1539 914 1646 985 τήν
1653 914 1847 985 ἄγνοιαν

383 971 442 1015 45
467 977 548 1017 τοῦ
577 971 753 1044 πάθους
782 971 920 1024 ζῶντά
948 983 1056 1028 φασι
1084 977 1368 1043 κατακαῆναι.
1398 972 1473 1016 καὶ
1499 989 1582 1042 γαρ
1611 988 1687 1023 τας
1715 976 1847 1027 λεγο-

468 1029 601 1086 μένας
629 1028 787 1079 ὑαίνας
815 1027 927 1079 τινες
966 1032 1296 1100 μυθολογοῦσιν
1325 1027 1514 1083 ἄρρενας
1549 1029 1658 1097 ἅμα
1665 1027 1740 1073 καὶ
1768 1033 1847 1084 θη-

467 1087 586 1136 λείας
613 1084 835 1158 ὑπάρχειν,
866 1085 941 1128 καὶ
971 1083 1077 1141 παρ’
1111 1085 1315 1129 ἐνιαυτόν
1336 1084 1531 1156 αλλήλας
1559 1083 1741 1156 ὀχεύειν.
1769 1089 1849 1142 τῆς

467 1141 676 1198 ἀληθείας
712 1141 792 1197 οὐχ
821 1141 961 1192 οὕτως
989 1141 1182 1198 ἐχούσης.
1222 1142 1433 1211 ἑκατέρου
1464 1141 1548 1198 γὰρ
1585 1146 1665 1186 τοῦ
1692 1140 1850 1213 γένους

467 1199 610 1271 απλῆν
639 1199 811 1254 ἔχοντος
837 1199 912 1242 καὶ
942 1197 1222 1253 ἀνεπίμικτον
1252 1199 1332 1270 τὴν
1363 1198 1533 1269 φύσιν,
1553 1198 1849 1254 προςώρισται

382 1256 438 1300 50
466 1255 525 1301 τὰ
544 1257 889 1325 ψευδογραφοῦν
923 1255 998 1298 καὶ
1025 1255 1419 1327 παρακρουόμενον
1453 1272 1559 1307 τους
1596 1258 1692 1325 εἰκῇ
1731 1260 1849 1298 θεω-

466 1317 679 1369 ροῦντας·
711 1329 764 1368 τῃ
795 1328 875 1381 μεν
896 1328 989 1384 γαρ
1017 1314 1173 1369 θηλεία
1195 1311 1444 1368 πρόςκειταί
1469 1329 1512 1356 τι
1536 1312 1646 1356 κατὰ
1668 1312 1750 1368 τὴν
1768 1309 1851 1381 ‹pit-

467 1383 538 1414 σιν
575 1384 851 1424 παρεμφερες
889 1368 1040 1424 ἄρρενι
1076 1371 1240 1439 μορίῳ,
1277 1374 1338 1428 τῷ
1378 1369 1425 1413 δὲ
1464 1369 1614 1424 ἄῤῥενι
1645 1369 1784 1413 κατὰ
1797 1366 1854 1411 τὰ

464 1427 668 1471 ἐναντίον
697 1425 882 1482 ε’μφασις
908 1427 1089 1480 θηλείας
1118 1426 1307 1482 φύσεως.
1338 1425 1361 1470 ὁ
1385 1423 1423 1470 δ’
1453 1426 1586 1477 αὐτὸς
1614 1425 1762 1496 λόγος
1775 1424 1857 1469 καὶ·

398 1501 402 1507 ·
467 1483 538 1527 ἐπι
576 1482 752 1527 πάντων
786 1498 876 1525 των
916 1481 1060 1541 ζώων,
1098 1483 1346 1553 γενομένων
1379 1499 1460 1553 μεν
1488 1483 1601 1537 πρὸς
1639 1481 1852 1551 ἀλήθειαν

387 1543 442 1587 55
467 1544 660 1585 πολλων
681 1539 756 1584 καὶ
794 1528 1089 1582 παντοδαπων
1130 1554 1362 1610 τερατων,
1387 1539 1472 1595 μὴ·
1487 1539 1771 1609 τρεφομένων
1806 1537 1854 1582 δε

469 1598 544 1642 καὶ
582 1598 644 1648 εἰς
680 1596 847 1640 τελείαν
895 1595 1078 1651 αὔξησιν
1115 1595 1261 1640 ἐλθεῖν
1308 1593 1363 1640 ού
1404 1595 1676 1668 δυναμένων.
1716 1598 1854 1638 ταῦτα

470 1670 556 1724 μεν
571 1651 761 1709 εἰρήσθω
783 1652 894 1707 πρὸς
919 1652 1162 1706 διόρθωσιν
1183 1654 1546 1724 δεισιδαιμονίας.
1588 1650 1639 1696 Ὃ
1666 1669 1746 1708 μεν
1768 1646 1854 1695 οὖν
1875 1662 1891 1689 Γ
1917 1664 1919 1666 ’
1945 1641 1948 1647 ’

471 1710 703 1764 Διόδωρος
730 1709 842 1765 πρὸς
860 1713 921 1767 τῷ
945 1711 1056 1753 τέλει
1079 1713 1161 1757 τοῦ
1189 1709 1252 1765 λβ’
1279 1708 1416 1766 λόγου
1435 1713 1512 1779 τῆς
1529 1709 1771 1779 ἱστορικῆς
1777 1706 1852 1752 αύ-

400 1794 418 1801 ..
435 1801 447 1805 ,,
471 1772 553 1811 τοῦ
582 1768 876 1822 πραγματείας
903 1770 1096 1810 τοσαῦτα
1121 1766 1305 1819 διέξεισι·
1335 1766 1412 1810 καὶ
1431 1764 1558 1810 α’λλοι
1587 1765 1634 1810 δὲ
1658 1766 1854 1810 πλεῖστοι

469 1824 677 1875 τοιαύτας
703 1824 972 1893 περιπετείας
1001 1823 1295 1879 ἱστορήκασιν.

413 1882 457 1923 2·
571 1880 672 1924 *Ὅτι
699 1879 749 1923 τό
780 1885 919 1935 τεῖχος
955 1883 1045 1924 τῶν
1077 1881 1393 1936 Καρχηδονίων
1419 1881 1510 1951 τῆς
1522 1877 1691 1931 πόλει-ἇς
1717 1889 1854 1936 φησιν

386 1941 455 1981 60
452 1937 583 1989 ’ὕψος
612 1953 692 2007 μεν
721 1934 833 1980 εἶναι
861 1953 1014 2006 πηχων
1041 1937 1386 1991 τεσσαράκοντα.
1421 1935 1584 1988 πλατος
1616 1936 1663 1980 δε
1692 1938 1855 1981 εἰκοσι-

439 1992 578 2066 ξδύο·
610 1992 729 2049 ὅμως
759 1994 833 2037 καὶ
852 1992 1066 2037 τοιούτων
1086 1992 1228 2037 όντων
1250 1996 1296 2037 αῖ
1319 1993 1544 2050 Ῥωμαίων
1563 1993 1752 2064 μηχαναὶ
1776 1994 1853 2037 και

439 2047 524 2094 τοὶ
565 2050 676 2095 κατὰ
714 2050 907 2104 πόλεμον
955 2047 1331 2122 ἄνδραγαθήματα
1361 2051 1601 2122 κρείττους
1637 2050 1861 2123 ὤφθησαν

445 2110 544 2174 ξτῆς
571 2106 763 2208 έθκείνων
809 2106 1077 2189 ἀσφαλείας,
1111 2108 1188 2151 καὶ
1222 2105 1334 2152 ἑάλω
1371 2106 1400 2164 ἡ
1445 2105 1570 2160 πόλις
1607 2107 1682 2152 ’καὶ
1717 2118 1855 2164 uam-'-

445 2174 581 2222 ρξιπω
616 2181 644 2221 η
1475 2196 1479 2197 ’

614 2312 673 2347 39.
709 2310 861 2357 ὁμοίας]
906 2310 1042 2357 όμοιος
1069 2313 1177 2347 Amet.
1314 2335 1318 2338 »
1364 2312 1426 2372 43.
1462 2313 1541 2349 τοῦ
1571 2311 1688 2348 omisi&
1718 2312 1852 2347 Amet:

468 2357 644 2395 τοιοῦτόν
683 2373 720 2394 τι
775 2359 886 2416 τέρας
923 2358 1045 2417 ἐφανη
1088 2356 1157 2393 κάν
1203 2360 1281 2400 τοῖς
1323 2354 1426 2395 καθ’
1475 2355 1572 2404 ἡμας
1620 2355 1788 2415 χρόνοις,
1829 2352 1852 2394 3

468 2405 532 2440 καὶ
564 2404 656 2449 πρὸς
691 2404 803 2462 ἄμφω
843 2403 891 2441 τὰ
924 2406 1008 2461 γένη
1049 2404 1218 2463 ἐγνώσθη
1252 2404 1598 2464 μεθαρμοζόμενον,
1616 2404 1782 2462 πάσχον
1812 2416 1853 2440 τε

468 2451 531 2487 καὶ
558 2454 721 2497 πρᾶττον
753 2451 799 2487 τοὶ
824 2450 973 2496 φυσικά.
1008 2452 1120 2487 πλέον
1151 2449 1214 2492 δ’,
1240 2465 1290 2492 ως
1320 2451 1435 2497 ἔλεγε,
1461 2449 1681 2507 κατεκράτει
1713 2449 1852 2487 τούτου

470 2494 492 2533 ὁ
515 2499 584 2532 τοῦ
608 2501 728 2533 ποιεῖν
741 2498 863 2553 ε’ρως,
898 2499 934 2534 εἰ
956 2497 997 2533 δέ
1019 2511 1092 2533 που
1116 2497 1179 2532 καὶ
1198 2496 1383 2551 ἔπασχεν,
1425 2494 1470 2534 ού
1493 2511 1588 2534 κατα
1617 2496 1660 2533 τὸ
1682 2496 1854 2534 εκούσιον

468 2540 544 2580 ἀλλ’
569 2540 864 2588 ἀναγκαζόμενον
895 2545 1005 2578 schol.
1027 2543 1210 2601 Margunii
1329 2545 1388 2579 44.
1413 2556 1507 2590 φασι
1529 2545 1579 2586 Α,
1603 2544 1733 2578 caeteri
1759 2555 1854 2589 φησι

609 2589 765 2636 καὶγὰρ
796 2592 847 2632 Λ,
878 2590 1006 2624 caeteri
1029 2590 1091 2626 καὶ
1112 2588 1182 2634 γὰρ
1212 2589 1276 2626 καὶ
1413 2558 1497 2625 φῦθ.
1494 2591 1578 2649 μὲν
1600 2587 1740 2646 γᾶρΒ,
1763 2601 1854 2626 cae-

473 2635 539 2670 teri
560 2634 628 2681 μὲν
740 2637 796 2671 52.
838 2636 995 2681 ἔμφασις
1025 2637 1056 2670 Α
1090 2639 1283 2679 correctus,
1313 2638 1364 2678 B,
1388 2637 1518 2672 caeteri·
1538 2634 1714 2693 ἐμφάσεις
1764 2667 1766 2669 .
1806 2667 1809 2671 .

468 2681 527 2716 53.
551 2681 779 2727 γενομένων]
812 2687 873 2717 aut
894 2681 1128 2726 γεννωμένων
1158 2686 1220 2716 aut
1242 2694 1322 2716 oum
1346 2684 1504 2718 Bekkero
1534 2681 1739 2729 γινομένων
1763 2682 1851 2717 scri-

469 2727 623 2762 bendum
748 2729 806 2764 58.
829 2748 872 2755 -—-
897 2728 977 2763 524.
1002 2729 1060 2762 24.
1116 2729 1314 2772 Photiusp
1319 2729 1420 2763 ‚383
1445 2731 1467 2763 b
1491 2730 1548 2764 11.
1574 2748 1621 2754 —-
1645 2726 1716 2762 384
1744 2738 1767 2763 a
1789 2728 1850 2764 30.

578 2775 637 2809 60.
660 2774 743 2819 καὶ]
774 2775 896 2811 καίτοι
916 2776 948 2809 Α
1085 2774 1142 2808 63.
1164 2775 1433 2829 κατηριπώθη]
1456 2772 1695 2823 κατεριπώθη
1711 2775 1763 2818 Δ,
1782 2787 1849 2811 κα-

469 2819 678 2867 τερειπώθη
711 2821 861 2859 caeteri:
890 2820 1170 2868 κατηρειπιώθη
1194 2821 1358 2859 Reiskius
