1968 3346
453 230 519 275 *50
744 225 1043 270 EXCERPTA
1071 225 1358 270 VATIGANA
1386 228 1436 269 L.
1462 227 1574 269 XXI.

578 342 771 396 ἔμφυτος
808 338 890 394 γὰρ
920 342 1024 383 πᾶσι
1065 344 1158 391 τοῖς
1196 342 1450 410 βασιλεῦσιν
1487 338 1515 396 ἡ
1553 343 1635 385 τοῦ
1663 342 1851 393 πλέονος

466 399 679 454 ἐπιθυμία
706 395 911 452 τοιαύτης
941 394 1024 440 οὐκ
1054 394 1254 452 ἀφέξεται
1284 396 1466 447 πόλεως.

603 511 660 546 50.
685 511 718 545 2.
744 505 935 555 ἀφέξεται]
964 507 1131 556 ἐφέξει-αι
1149 512 1203 546 ed.
1224 513 1349 545 Rom-2
1374 517 1569 546 correctum
1587 524 1629 547 ex
1646 513 1851 547 Hoeschelii

512 559 638 602 fragm.
663 571 698 603 p.
723 555 804 592 494.

469 673 606 716 φυλος,
639 670 676 704 id
708 671 799 714 quod
823 682 845 704 a
866 670 1020 704 Diodoro
1044 669 1176 704 dictum
1206 669 1316 704 fuisse
1336 673 1423 715 puto
1447 670 1491 704 de
1513 670 1644 715 Pyrrhi
1667 670 1852 712 militibus,

467 717 528 762 qui
555 718 591 751 in
625 717 728 751 Italia
762 717 935 750 sociorum
966 727 1070 761 agros
1101 717 1297 751 vastabant.
1345 718 1440 761 Lege
1462 717 1583 751 Dionis
1605 717 1768 751 vaticana
1792 729 1850 751 ex-

468 767 587 807 cerpta
625 763 673 808 [p.
690 763 768 796 172.
801 763 854 796 ed.
888 762 1007 806 Mai.].
1065 763 1183 804 Quare
1214 763 1410 807 eclogarius
1443 763 1554 797 editus
1584 763 1852 798 hoeschelianus

465 810 605 843 videtur
629 810 710 842 sede
729 820 866 852 quoquc
888 820 950 842 sua
974 810 1209 853 fragmentum
1233 808 1438 850 dimovisse,
1463 810 1554 852 quod
1570 809 1686 852 posuit
1703 810 1738 843 in
1755 810 1851 843 XXI.

465 856 582 897 libr03
606 856 695 899 quod
720 855 810 888 mihi
831 855 923 888 veri
912 854 1056 888 imilius
1080 855 1114 887 in
1139 855 1252 889 XXII.
1279 856 1519 890 collocandum
1544 857 1699 897 videtur,
1721 857 1757 890 in
1781 867 1850 900 quo

465 902 640 936 Diodorus
662 902 754 935 libro
778 902 911 935 bellum
934 900 1063 945 Pyrrhi
1086 900 1246 935 italicum
1262 901 1408 945 scripsit.
1434 902 1531 936 MAI.
1565 900 1636 946 Qui
1652 903 1761 937 fretus
1778 903 1849 937 hoc

467 951 676 993 argumento
699 945 758 983 ὅτι
781 968 826 973 -
850 947 990 987 πόλεως
1012 946 1101 980 libro
1121 948 1235 982 XXII.
1260 947 1458 984 contribuit.

560 994 618 1028 50.
642 994 676 1028 2.
710 995 825 1028 Verba
847 995 936 1029 haec
959 993 1128 1036 pertinent
1149 994 1194 1029 ad
1217 994 1410 1029 orationem
1441 995 1498 1029 vel
1519 994 1624 1041 Appii
1647 994 1763 1039 caeci,
1791 994 1848 1030 vel

467 1040 642 1084 Fabricii,
664 1041 719 1075 vel
744 1040 885 1079 Cineae
919 1040 1018 1075 MAI.
