1968 3346
322 236 623 281 EXCERPTA
652 235 939 280 VATICANA
966 235 1017 279 1..
1037 235 1191 279 XXXI.
1220 235 1395 280 XXXII.
1496 243 1555 283 99

161 352 266 405 τούς
294 348 549 400 κωλύοντας
585 346 696 393 κατὰ
725 346 801 399 τὰς
830 346 1082 418 συνθήκας,
1120 347 1170 394 ἐν
1198 346 1268 400 αἷς
1295 345 1352 406 ἦν
1381 349 1452 394 ἐπὶ
1480 350 1551 396 ἄλ·

163 416 257 462 λοις
295 411 464 453 πλείοσι
502 404 806 477 γεγραμμένον
846 405 954 462 μηδὲ
991 408 1150 458 κτίζειν
1178 406 1309 450 πόλιν
1345 407 1549 460 ἐξουσίαν

161 468 273 524 ἔχειν
303 466 571 532 Κελτίβηρας
607 460 718 505 α’νευ
750 461 992 531 Ῥωμαίων.
1033 460 1250 533 ἀπεκρίθη
1289 462 1335 507 δέ
1356 482 1445 536 Nus
1457 471 1549 510 τῶν

161 523 472 579 πρεσβυτέρων
502 519 644 575 ὄνομα
675 517 884 574 Κάκυρος
919 517 986 563 ὅτι
1014 521 1171 572 κτίζειν
1196 536 1277 576 μεν
1309 518 1472 573 αὐτούς
1502 524 1550 567 αἱ

161 584 382 649 συνθῆκαι
411 576 683 625 κωλύουσιν,
725 576 873 628 αὔξειν
903 575 949 619 δὲ
977 576 1054 626 τοὶς
1083 578 1298 630 πατρίδας
1329 576 1411 622 οὐκ
1439 578 1548 624 ἄπα·
1577 588 1603 631 5

159 648 444 707 γορευουσιν·
457 631 639 690 αὐτους
661 631 707 676 δὲ
729 631 796 701 μὴ
820 633 976 686 κτίζειν
996 649 1062 703 μη
1093 633 1384 703 γεγενημένην
1402 634 1547 690 πόλιν,

159 692 269 737 ἄλλα
299 694 380 749 τήν
421 691 562 734 οὐσαν
593 688 910 743 ἐπισκευάζειν·
953 687 1084 733 οὐδὲν
1115 691 1160 733 δὲ
1189 706 1309 744 παρα
1339 691 1417 743 τὰς
1447 704 1548 737 συν-

158 749 323 818 θήκας
329 745 536 802 πράττειν
563 744 667 790 ου’δὲ
696 745 746 790 τὸ
776 744 932 790 κοινὸν
958 747 1061 796 ε’θος
1081 745 1260 789 πάντων
1280 745 1548 802 ἀνθρώπων.

159 807 235 850 καὶ
275 804 329 849 τὰ
361 805 454 873 μὲν
479 803 588 846 α’λλα
620 808 878 874 πειθαρχεῖν
911 802 1143 858 Ῥωμαίοις
1180 805 1254 847 καὶ
1294 804 1548 862 συμμάχους

160 861 274 907 εἶναι
303 859 567 931 προθύμως,
608 858 776 903 ὁπόταν
806 857 957 910 αὐτοῖς
978 861 1118 930 χρεία
1146 860 1344 930 γένηται,
1386 866 1464 918 τῆς
1499 863 1603 908 ὁὲίΟ

159 919 271 964 κατοὶ
309 920 388 975 τήν
424 917 554 962 πόλιν
595 918 852 970 οἰκοδομίας
891 913 988 960 κατ’
1029 915 1195 960 οὐδένα
1234 917 1402 973 τρόπον
1441 937 1547 963 απο-

160 976 409 1045 στήσεσθαι.
454 978 535 1017 τοῦ
568 973 614 1017 δὲ
652 972 852 1029 πλήθους
891 971 1186 1029 ὁμοθυμαδὸν
1215 974 1549 1046 ἐπισημαινομέ-

157 1050 245 1078 νου
289 1031 371 1089 τήν
415 1027 597 1101 γνώμην
647 1031 690 1073 οι
737 1030 1006 1099 πρεσβευταὶ
1043 1047 1096 1087 τη
1141 1031 1369 1102 συγκλήτῳ
1407 1038 1548 1078 ταῦτα

157 1089 443 1145 ἀπήγγειλαν·
474 1086 503 1144 ἡ
533 1086 580 1130 δὲ
607 1086 732 1131 ε’λυσε
761 1085 838 1138 τὰς
863 1085 1089 1144 συνθήκας
1118 1088 1193 1131 καὶ
1221 1077 1415 1146 πόλεμον
1445 1088 1548 1148 ἐπή-

156 1162 319 1203 νεγκεν.
1553 1151 1606 1194 15

270 1225 343 1267 IV.
371 1221 477 1266 “On
505 1220 611 1273 τούς
626 1219 909 1293 Ἑλληνικούς
937 1223 1156 1291 πολέμους
1185 1220 1245 1276 εἷς
1274 1223 1429 1279 καιρός
1459 1227 1549 1281 κρί-

155 1298 243 1332 νει,
274 1280 379 1330 τούς
398 1280 443 1323 δὲ
466 1279 815 1349 Κελτιβηρικους
843 1277 870 1335 ἡ
900 1278 980 1331 νυξ
1009 1281 1119 1323 κατιὶ
1150 1279 1200 1324 τὸ
1229 1286 1434 1326 πλεῖστον
1464 1283 1548 1326 διέ-

156 1344 261 1382 λυσε
293 1342 370 1392 τῆς
407 1333 548 1405 ἀκμῆς
582 1352 672 1378 των
702 1334 883 1389 ἀνδρῶν
913 1336 986 1379 καὶ
1023 1341 1100 1393 τῆς
1129 1336 1269 1395 ὁρμῆς
1299 1339 1360 1382 ἔτι
1389 1337 1548 1395 μενού-

157 1407 255 1465 σης,
297 1393 377 1437 τὸν
407 1393 453 1436 δὲ
483 1391 676 1446 πόλεμον
706 1391 808 1436 οὐδὲ
846 1392 1006 1448 χειμών
1035 1395 1216 1438 διέλυσε.
1259 1395 1338 1462 διρ
1367 1397 1442 1439 καὶ
1469 1397 1548 1440 τὸν

153 1450 242 1495 υπό
283 1466 418 1493 τινων
457 1447 694 1519 λεγόμενον
732 1447 928 1505 πύρινον
964 1449 1161 1507 πόλεμον
1192 1468 1276 1495 ουκ
1310 1451 1367 1496 ἂν
1397 1453 1604 1510 ε’τερόνρο

152 1525 220 1560 τις
249 1506 278 1563 ἢ
306 1511 468 1550 τοῦτον
497 1504 708 1560 νοήσειεν.

255 1575 356 1618 Ὀτι
385 1572 408 1617 ὁ
439 1591 528 1617 των
554 1571 737 1618 Ροδίων
767 1575 906 1644 δῆμος
932 1574 1189 1644 επηρμὲνος
1217 1575 1297 1630 μὲν
1325 1581 1386 1631 τῷ
1416 1581 1546 1648 θυμῷ

98 1630 267 1704 9οπρός
293 1631 376 1688 τήν
407 1632 467 1681 εἰς
495 1630 573 1673 τὸν
602 1629 794 1686 πόλεμον
829 1630 972 1687 ὁρμήν
1002 1632 1076 1674 καὶ
1105 1634 1412 1702 παρασκευήν,
1442 1652 1548 1679 απο-

155 1691 328 1732 πίπτων
367 1687 414 1731 δὲ
454 1687 502 1730 ἐν
537 1692 632 1738 ταῖς
671 1688 918 1743 ἐπιβολαῖς,
961 1689 1023 1739 εἰς
1061 1689 1345 1745 παραλόγους
1375 1691 1548 1745 ἐννοίας

155 1745 352 1789 ἐνέπιπτε
383 1744 456 1787 καὶ
485 1746 817 1817 παραπλησίους
846 1750 939 1796 τοῖς
969 1745 1016 1788 ἐν
1052 1750 1146 1796 ταῖς
1176 1753 1366 1801 μακραῖς
1393 1748 1600 1808 νόσοις25

156 1804 493 1858 δυςποτμοῦσιν.
542 1800 700 1844 ἐκεῖνοί
740 1818 785 1845 τε
823 1819 908 1858 γαρ
948 1801 1056 1845 ὅταν
1084 1807 1180 1854 ταῖς
1208 1819 1330 1859 παρα
1359 1809 1450 1849 τῶν
1479 1808 1543 1850 ία-

290 1907 347 1940 99.
375 1907 407 1939 1.
444 1899 582 1945 ἄλλοις]
606 1904 755 1944 πολλοῖς
780 1903 834 1936 ed.
861 1904 961 1938 Rom.

290 1954 346 1987 99.
371 1953 404 1986 2.
438 1950 591 2005 πλείοσι]
621 1951 748 2003 incipit
773 1951 904 1984 codicis
915 1963 964 2005 p.
988 1951 1067 1985 170.

294 1999 350 2033 99.
376 1998 409 2032 5.
444 1993 512 2030 οὐκ
539 1992 849 2040 ἀπαγορεύουσιν]
878 2007 923 2030 ov
949 1994 1267 2045 καταγορεῦουσιν
1292 1999 1348 2035 ed.
1373 2003 1476 2037 Rom.

291 2044 348 2078 99.
376 2046 409 2079 6.
445 2039 609 2098 αὐτούς]
625 2041 766 2083 αὐτούς
791 2043 846 2076 ed.
872 2045 973 2078 Rom.

289 2089 345 2124 99.
371 2092 405 2124 8.
442 2086 543 2132 οὐδὲ]
572 2085 658 2124 οὔτε
684 2091 738 2123 ed.
766 2091 866 2123 Rom.

290 2137 428 2170 99.1o.
462 2134 685 2191 προθύμως]
712 2136 831 2168 malim
855 2132 1091 2180 προθύμους.

290 2183 345 2216 99.
376 2183 430 2217 19.
465 2177 568 2225 ου’δὲ]
597 2183 681 2215 Cod.
709 2180 745 2215 οἱ
770 2177 821 2215 δε.
854 2184 951 2215 MAI.

292 2229 349 2263 99.
374 2229 430 2262 23.
465 2228 532 2271 εἰς]
560 2225 597 2268 ἐς
624 2229 679 2262 ed.
707 2229 812 2260 Rom.

290 2274 346 2308 99.
372 2274 428 2308 25.
464 2274 558 2318 ταῖς]
589 2275 672 2310 Cod.
698 2276 787 2313 τοῖς.
820 2273 916 2306 ΜΑῘ.

290 2320 346 2354 99.
371 2321 429 2355 26.
462 2319 598 2356 ἐκεῖνοί
621 2320 674 2364 τε]
701 2318 836 2355 ἐκεῖνοι
861 2318 901 2354 δὲ
928 2320 981 2355 ed.
1005 2322 1109 2355 Rom.

243 2409 373 2444 9916
422 2411 482 2445 Sic
514 2409 685 2446 Horatius
715 2415 823 2456 satyr.
843 2411 869 2445 1
895 2410 937 2444 1·
967 2412 1203 2455 concurritur,
1235 2412 1344 2448 horae
1373 2421 1544 2451 momento

153 2455 224 2490 cita
247 2468 336 2490 mors
358 2459 453 2492 venit
477 2463 540 2492 aut
561 2459 707 2491 victoria
730 2459 837 2492 laeta.
872 2457 971 2491 MAL

242 2502 299 2536 99.
324 2503 381 2538 21
416 2505 519 2537 Extat
543 2503 602 2537 hic
634 2508 764 2538 tractus
787 2504 829 2537 de
861 2503 966 2548 igneo
989 2504 1085 2538 bello
1108 2503 1344 2547 Hispanorum
1371 2507 1546 2550 copiosior

150 2551 187 2582 et
210 2549 288 2583 aliis
308 2548 421 2582 verbis
439 2561 620 2593 expressus
646 2550 735 2583 inter
760 2550 960 2592 fragmenta
983 2550 1076 2584 edita
1101 2550 1241 2594 Polybii
1267 2550 1414 2589 XXXV.
1442 2554 1472 2586 1
1500 2566 1543 2588 ex

151 2594 261 2629 Snida
286 2599 379 2629 trans
384 2596 484 2628 latus.
535 2597 630 2640 Ergo
654 2600 688 2628 et
716 2596 795 2629 heic
820 2596 908 2640 Pol)
914 2596 1010 2629 Istum
1034 2600 1185 2630 sectatur
1210 2596 1393 2633 Diodorus.
1441 2600 1544 2634 Cete-

150 2651 230 2674 rum
254 2653 316 2674 cur
338 2641 375 2675 id
400 2641 483 2675 belli
507 2653 617 2686 genus
640 2642 776 2676 dicatur
801 2641 964 2686 Igneum,
990 2642 1135 2686 pulchre
1159 2643 1230 2675 edi
1220 2643 1316 2676 serit
1340 2643 1411 2687 ipse
1435 2645 1542 2690 Poly-

149 2686 230 2720 bius
251 2687 312 2721 XI.
340 2686 383 2727 5,
416 2698 538 2731 nempe
561 2689 651 2730 quod
675 2688 782 2721 semel
807 2687 995 2722 excitatum
1026 2687 1222 2721 incendium
1247 2689 1307 2721 τίκ
1331 2696 1392 2722 aut
1417 2702 1458 2724 ne
1482 2692 1541 2726 vix

151 2733 290 2775 quidem
308 2733 478 2778 restingui
500 2735 618 2778 possit,
643 2738 677 2767 et
701 2733 820 2767 omnia
836 2745 897 2767 seu
922 2734 1035 2768 amica
1059 2745 1118 2767 seu
1136 2734 1279 2768 hostilia
1299 2736 1540 2772 ambutantur.

149 2777 260 2812 Porro
295 2784 434 2813 manent
467 2780 631 2822 perennia
660 2781 867 2823 populmum
893 2779 1035 2824 ingenia
1060 2785 1093 2813 et
1117 2791 1253 2821 morcs3
1288 2793 1396 2824 quare
1421 2788 1454 2816 et
1477 2795 1540 2816 nn-

149 2824 228 2858 stris
260 2825 474 2868 temporibus
498 2826 630 2860 benum
656 2837 736 2860 vere
762 2826 905 2872 igneum
930 2838 992 2870 per
1014 2826 1227 2870 IIispauIam
1254 2827 1542 2874 Lusitaniamque

149 2874 287 2914 gestum
311 2871 475 2906 vidimus.
510 2872 609 2909 MAI.

1199 2921 1228 2960 γ
1246 2924 1264 2944 ⁸
