1968 3346
843 701 894 748 1..
922 702 1176 747 xxv1.-
1196 700 1346 748 XXX.

475 846 656 922 οτι’
643 876 842 936 Ἀννίβας
868 879 981 936 πρὸς
998 880 1082 938 τήν
1100 885 1184 926 τοῦ
1205 877 1471 936 δικτάτωρος
1493 881 1667 938 Φαβίου
1688 880 1788 926 σύν
1799 896 1845 931 58

403 952 499 1013 εσιν
533 938 945 997 άντιμηχανωμενος
974 942 1035 991 εἰς
1052 941 1298 996 παράταξιν
1331 940 1470 986 αὐτὸν
1498 941 1787 997 προύκαλεῖτο

402 998 479 1043 καὶ
509 1003 602 1049 τοῖς
640 1002 717 1054 τῆς
759 998 920 1049 δειλίας
961 997 1176 1042 ὀνείδεσιν
1205 1000 1404 1053 ἐπειρᾶτο
1444 999 1789 1069 συναναγκάζειν

404 1057 467 1106 εἷς
506 1054 588 1111 τὴν
626 1055 700 1098 διὰ
739 1051 878 1110 μάχης
912 1055 1060 1110 κρίσιν
1099 1059 1477 1126 συγκαταβαίνειν.
1523 1055 1583 1108 ὠς
1620 1056 1667 1100 δε
1707 1055 1790 1099 οὐκ

376 1113 599 1164 5εἷπειθεν,
637 1110 661 1156 ὁ
693 1113 829 1167 δῆμος
864 1115 954 1154 τῶν
971 1111 1202 1182 Ῥωμαίων
1230 1111 1507 1184 ἐβλασφήμει
1538 1113 1616 1157 τὸν
1646 1111 1790 1157 δικτά-

402 1185 523 1224 τωρα
551 1168 626 1213 καὶ
655 1168 937 1224 παιδαγωγόν
966 1168 1182 1213 ἐπικαλῶν
1213 1169 1350 1214 αὐτὸν
1380 1169 1568 1224 ω’νείδιζε
1597 1172 1676 1228 τὴν
1706 1172 1788 1214 δει-

402 1227 528 1297 Maur·
567 1223 592 1269 ὅ
621 1225 668 1269 δε
696 1226 775 1293 τὴν
804 1225 939 1293 ὕβριν
968 1223 1196 1282 ἀταράχως
1225 1227 1299 1270 καὶ
1329 1228 1496 1282 βαρέως
1523 1229 1691 1300 ἔφερεν.

506 1281 606 1326 Ὀτι
644 1281 783 1351 φύσει
806 1283 849 1325 οἱ
878 1280 1109 1336 άνθρωποι
1144 1289 1239 1335 ταῖς
1268 1301 1348 1339 μεν
1386 1283 1635 1356 εὐημερίαις
1662 1299 1789 1340 προς-

401 1338 630 1410 τρέχουσι,
659 1355 712 1396 τη
744 1338 790 1382 δὲ
819 1338 1096 1383 πταισάντων
1125 1340 1233 1398 τύχη
1265 1343 1627 1385 συνεπιτίθενται.

349 1403 404 1446 10
508 1395 608 1440 Ὀτι
636 1412 748 1440 κατα
768 1394 848 1452 τὴν
871 1394 1059 1470 Καπύην
1077 1400 1362 1469 προτεθείσης
1385 1401 1546 1467 βουλῆς
1570 1415 1617 1441 εν
1631 1397 1790 1469 ἐκκλη-

405 1455 479 1498 σία
505 1470 636 1510 κοινη
666 1454 707 1496 τί
736 1452 956 1508 πρακτέον
969 1456 1047 1522 εἴη
1078 1455 1177 1508 περὶ
1213 1459 1289 1511 τῆς
1319 1453 1596 1506 ἀποστάσεως
1625 1454 1790 1509 ἐπέτρε-

401 1500 495 1564 ψάν
534 1512 578 1553 οἱ
616 1510 850 1578 Καπυηνοὶ
889 1507 1069 1566 γνώμην
1119 1510 1439 1582 ἀποφήνασθαι
1477 1517 1540 1571 τῷ
1578 1527 1790 1566 προςαγο-

403 1567 631 1636 ρευομένῳ
673 1565 893 1638 Παγκύλῳ
934 1568 1115 1626 Παύκῳ.
1163 1567 1186 1612 ὁ
1229 1572 1275 1612 δὲ
1309 1568 1445 1640 ,ἐκτὸς
1483 1561 1573 1612 τ’ων
1612 1572 1790 1624 φρενῶν

401 1623 597 1695 γεγονώς
638 1624 711 1667 δια
749 1622 827 1667 τὸν
856 1613 1085 1694 Ἀννίβου
1108 1624 1255 1682 φόβον
1294 1625 1438 1680 ὤμοσε
1472 1631 1565 1676 τοῖς
1594 1627 1791 1675 πολίταις

348 1681 659 1738 15ἰδιότροπον
683 1680 834 1737 ὅρκον.
864 1680 998 1738 ε’φησε
1018 1680 1128 1738 γάρ,
1159 1684 1196 1726 εἰ
1216 1687 1303 1727 τῶν
1323 1681 1481 1727 ἑκατὸν
1503 1682 1655 1726 ἐλπίδα
1683 1683 1790 1739 μίαν

542 1797 660 1832 66.1.
693 1793 892 1839 κτάτωρος]
919 1796 1046 1842 incipit
1071 1798 1204 1832 codicis
1228 1811 1264 1843 p.
1289 1798 1368 1832 220.

543 1844 599 1878 66.
625 1844 660 1877 9.
695 1843 771 1877 τῶν
795 1844 929 1876 addunt
951 1844 1148 1887 fragmenta
1165 1845 1352 1879 Hoeschel.
1383 1844 1466 1879 Mox
1484 1839 1716 1888 φθασάντων
1732 1853 1791 1877 co·-

450 1891 538 1925 dex:
565 1890 659 1934 quod
685 1896 884 1924 correxerat
908 1890 1196 1923 Rhodomaunus.

545 1935 685 1971 66.15.
719 1930 845 1981 ὅρκον]
871 1932 982 1979 ὅρκον
1007 1937 1062 1970 ed.
1086 1938 1117 1970 R
1121 1949 1189 1970 om.

496 2038 554 2073 66.
578 2036 612 2072 4.
643 2038 715 2072 Res
739 2038 784 2071 ab
802 2036 1035 2070 Hannibaie'
1024 2049 1059 2070 ln
1076 2037 1182 2072 Italia
1204 2040 1321 2083 gestas
1342 2037 1518 2081 smipsisse
1535 2036 1731 2070 Diodorum
1754 2033 1790 2068 in

406 2084 526 2119 XXVI
548 2083 659 2125 libro,
688 2083 867 2117 valesiana
890 2083 1092 2127 fragmenta
1115 2084 1209 2119 edita
1231 2094 1294 2117 nos
1317 2084 1450 2117 docent.
1489 2082 1587 2116 MAI.

498 2130 555 2164 66.
580 2130 613 2165 6.
644 2109 803 2163 Ludebat
823 2128 988 2162 nimirum
1007 2130 1189 2173 populus'
1178 2142 1213 2163 m
1233 2129 1430 2175 significatu
1448 2127 1611 2162 vocabuli
1629 2127 1788 2168 dictator,

404 2176 466 2221 qui
493 2181 543 2210 est
573 2177 753 2220 magister.
800 2175 934 2210 Videsis
950 2175 1162 2209 Ciceronem
1197 2176 1240 2209 de
1272 2187 1344 2219 rep.
1377 2175 1407 2209 L
1438 2175 1503 2216 4⁰,
1539 2185 1618 2207 cum
1649 2173 1789 2207 scholiis

404 2223 505 2259 meis.
534 2223 634 2256 MAI.

499 2268 556 2302 66.
580 2268 613 2302 9.
659 2267 766 2300 Extat
795 2267 913 2300 brevis
943 2267 1032 2300 haec
1070 2265 1240 2300 sententia
1270 2266 1376 2300 etiam
1399 2265 1435 2299 in
1460 2265 1665 2311 fragmentis
1689 2264 1791 2299 editis

408 2315 495 2350 libri
517 2313 648 2348 XXVI
683 2325 716 2357 p
734 2312 821 2354 513,
858 2313 920 2346 ubi
950 2312 1059 2346 miror
1083 2317 1157 2346 tam
1187 2313 1474 2346 hoeschelianum
1506 2313 1661 2346 εοάἰιειιι
1685 2321 1790 2355 quam

408 2373 527 2398 mcum
550 2360 752 2394 vaticanum
774 2360 904 2392 habere
928 2356 1156 2403 φθασάντων
1183 2370 1245 2401 pro
1267 2357 1511 2393 πταισάντων
1544 2358 1640 2392 MAI

503 2407 559 2441 66
584 2407 642 2440 13.
678 2404 859 2449 Παγκύλῳ
873 2404 1025 2450 Παύκῳ]
1054 2406 1122 2438 Hic
1137 2417 1173 2438 es
1177 2411 1199 2445 t,
1220 2405 1279 2448 qui
1295 2406 1386 2449 apud
1404 2405 1494 2438 Livii
1510 2404 1642 2438 XXIII.
1666 2403 1699 2437 2.
1715 2413 1790 2445 sqq.

409 2455 595 2499 'vulgatum
629 2457 762 2486 textum
793 2452 921 2485 dicitur
944 2453 1113 2484 Pacuvius
1141 2452 1323 2492 Calavius,
1354 2462 1551 2494 quemque
1546 2449 1681 2483 rectius
1704 2460 1791 2481 nou-

410 2500 500 2535 nulli
523 2498 635 2533 critici
657 2498 875 2531 scribendum
898 2499 1082 2531 Pacullum
1105 2497 1176 2530 exi
1173 2498 1251 2531 tim
1246 2502 1315 2531 «int.
1362 2499 1495 2530 Eadem
1520 2508 1608 2529 corr
1602 2495 1696 2539 iptio
1722 2494 1791 2527 Pa-

412 2548 530 2581 cuvius
553 2556 616 2589 pro
641 2545 779 2578 Pacullo
803 2545 858 2576 xei
886 2544 1056 2577 Pactulo
1046 2555 1156 2586 irrepe
1142 2543 1186 2577 sit
1208 2544 1315 2576 etiam
1338 2543 1374 2576 in
1396 2544 1525 2576 Silium
1542 2540 1692 2581 XL513,
1727 2541 1791 2573 ob-

413 2592 630 2628 servantibus
660 2591 744 2624 item
776 2590 924 2632 criticis3
958 2590 1031 2623 sine
1054 2590 1159 2623 dubio
1183 2601 1203 2623 a
1226 2590 1451 2623 librariorum
1473 2588 1631 2628 inscitia,
1666 2585 1791 2629 quibus

412 2645 535 2672 notum
567 2641 642 2670 erat
672 2637 881 2670 vocabulum
915 2616 1104 2677 Pacuvius,
1144 2636 1303 2680 ignotum
1332 2637 1494 2669 Pacullus
1524 2635 1582 2667 vel
1614 2633 1790 2666 Pactulus.

413 2685 515 2720 Nunc
535 2684 707 2717 Diodorus
738 2683 879 2715 exhibet
910 2683 1009 2715 nobis
1030 2683 1217 2725 Pancylum
1243 2682 1395 2714 Paucum
1419 2693 1480 2724 pro
1508 2680 1654 2714 Pacuvio
1685 2679 1790 2712 Cala-

415 2732 481 2764 υἰο.
529 2731 583 2763 Ad
606 2740 680 2762 rem
704 2729 794 2772 quod
827 2728 978 2767 adtinet,
1010 2729 1069 2760 hic
1105 2739 1186 2761 sane
1220 2727 1276 2760 xii·
1299 2728 1455 2770 Capuam
1480 2727 1604 2760 Poenis
1627 2723 1787 2782 prodidi,t

413 2777 558 2812 testibus
578 2775 684 2809 etiam
703 2774 803 2808 Livio
821 2774 997 2817 Silioque3
1020 2775 1078 2807 sed
1102 2775 1205 2807 aliter
1228 2774 1321 2817 apud
1345 2775 1411 2807 hos
1433 2772 1586 2806 narratio
1609 2771 1656 2804 fir
1688 2765 1785 2798 Mn!-

504 2822 561 2857 66
585 2821 640 2855 15.
680 2822 714 2856 εἰ
735 2822 808 2855 τῶν
832 2819 963 2855 ἑκατὸν
987 2819 1118 2854 ἐλπίδα
1140 2822 1230 2864 μίαν
1255 2818 1364 2874 εἶχεν]
1398 2819 1585 2866 Xenophon
1611 2812 1718 2844 Anah
1738 2811 1782 2843 Π·

408 2869 442 2902 1.
469 2868 525 2902 19.
551 2869 586 2903 εἰ
602 2865 669 2909 μὲν
694 2880 767 2901 των
790 2868 932 2924 μυρίων
950 2865 1107 2901 ελπίδων
1124 2868 1189 2909 μία
1207 2878 1260 2904 τις
1277 2863 1366 2908 ὑμῖν
1385 2864 1456 2899 ἐστι
1475 2859 1657 2901 σωθῆναι.
1690 2857 1785 2891 Pha-

404 2914 490 2951 laris
511 2914 647 2959 Ρ.138.
672 2911 851 2959 οὐδεμίαν
875 2912 913 2950 ἐκ
936 2914 1009 2948 τῶν
1031 2913 1175 2958 μυρίων
1200 2910 1341 2956 ἔχοντες
1365 2907 1493 2943 ἐλπίδα
1516 2905 1696 2950 σωθῆναι.
