1968 3346
423 224 454 264 2
650 217 953 259 EXGERPTA
983 215 1271 258 VATIGANA
1301 215 1346 256 L.
1373 215 1466 258 VII.
1477 239 1532 246 -

511 328 632 399 ἥκεις
663 325 705 371 δ’
712 324 952 397 εὐνομίαν
983 324 1254 381 αἶτεύμενος·
1287 323 1425 395 αὐτὰρ
1456 327 1586 382 ἔγωγε

516 384 647 430 δώσω
675 383 756 440 τὴν
784 382 870 427 οὐκ
897 381 1002 438 ἄλλη
1033 383 1260 438 ἐπιχθονίη
1289 381 1414 433 πόλις
1443 383 1536 435 ἕξει.

634 461 734 505 ’Ότι
765 462 788 505 ὁ
820 460 963 532 αὐξὸς
979 459 1175 530 η’ρώτησε
1203 459 1283 516 τὴν
1305 462 1487 504 Πυθίαν
1516 464 1623 503 ποῖα
1651 461 1814 518 νόμιμα

429 466 711 587 κατασΙτήσας
731 517 904 574 μάλιστ’
935 517 990 560 ἂν
1021 515 1243 586 ωφελήσαι
1272 517 1376 568 τοὺς
1405 516 1698 571 Σπαρτιάτας.
1738 523 1815 575 τῆς

402 578 478 620 5δὲ
518 576 594 619 ἐὰν
635 574 740 626 τούς
780 575 830 630 μὶ
816 592 859 618 ν
898 578 1041 623 καλῶς
1078 571 1304 628 ἡγεῖσθαι,
1347 591 1452 624 τους
1489 574 1535 616 δὲ
1564 580 1816 644 πειθαρχεῖν

429 630 720 705 νομοθετήσῃ,
744 631 877 674 πάλιν
894 630 1091 700 ἠρώτησε
1113 632 1154 672 τί
1172 633 1401 681 ποιοῦντες
1419 633 1561 679 καλῶς
1578 629 1816 700 ἡγήσονται

429 690 502 734 καὶ
521 691 563 732 τί
581 687 964 758 πειθαρχήσουσιν.
996 686 1023 742 ἡ
1047 687 1092 729 δὲ
1113 686 1253 730 οὲνεῖλε
1277 691 1439 730 τοῦτον
1459 685 1537 729 τὸν
1555 686 1760 742 χρησμόν.

515 745 627 788 είσὶν
658 743 757 787 ὁδοὶ
788 742 869 786 δύο
902 749 1105 786 πλεῖστον
1136 741 1213 785 ἀπ
1242 742 1446 812 ἄλληλων
1477 741 1739 799 ἀπέχουσαι,

516 801 546 873 ἦ
575 817 667 871 μεν
685 800 937 853 ἐλευθερίας
965 800 1007 850 ἐς
1035 800 1182 854 τίμιον
1213 805 1337 842 οἰκον
1367 799 1557 855 ἄγουσα,

377 865 433 907 10
517 858 546 914 ἡ
576 857 620 929 δ’
651 856 720 899 επὶ
749 859 946 907 δουλείας
969 855 1163 927 >φευκτὸν
1192 855 1331 911 δόμον
1359 856 1589 926 ἡμερίοισι.

518 914 594 958 καὶ
622 913 702 968 τὴν
731 912 808 968 μὲν
839 911 912 956 διά
942 911 980 955 τ’
1019 910 1294 981 ἆνδροσύνης
1325 914 1444 967 ἱερῆς
1468 910 1519 955 θ’
1552 910 1762 968 ὁμονοίας

517 971 608 1014 ε’στι
637 973 794 1023 περᾶν·
825 968 881 1025 ἢν
912 967 965 1024 δή
996 973 1119 1020 λαοῖς
1147 968 1325 1040 ἡγεῖσθε
1354 969 1586 1012 κέλευθον·

516 1026 597 1082 τήν
628 1026 673 1069 δε
704 1024 777 1068 διοὲ
806 1029 1015 1081 στυγερῆς
1045 1025 1191 1079 ε’ριδος
1218 1025 1291 1068 καὶ
1320 1023 1556 1077 ἀνάλκιδος
1586 1023 1691 1082 ἄτης

517 1079 898 1140 είςαφικάνουσιν·
929 1082 1008 1137 τὴν
1038 1082 1090 1137 δή
1119 1081 1343 1138 πεφύλαξο
1375 1081 1571 1138 μάλιστα.

378 1138 482 1189 15τὸ
509 1139 554 1183 δε
574 1138 816 1192 κεφάλαιον
837 1141 892 1193 ἡν
914 1138 980 1181 ὅτι
1004 1139 1209 1207 μεγίστην
1227 1139 1448 1211 πρόνοιαν
1475 1136 1680 1208 ποιητέον
1703 1137 1818 1181 ἐστὶν

434 1194 643 1252 ὁμονοίας
671 1195 743 1238 καὶ
772 1194 997 1249 ἀνδρείας,
1038 1211 1096 1244 ως
1127 1195 1199 1238 διοὲ
1227 1196 1377 1252 μόνων
1404 1194 1574 1238 τούτων
1603 1199 1682 1263 τῆς
1707 1194 1820 1237 ἐλευ-

432 1254 583 1322 θερίας
613 1249 910 1306 φυλάττεσθαι
940 1250 1202 1306 δυναμένης,
1243 1269 1295 1305 ης
1307 1269 1454 1321 χωρις
1489 1251 1627 1295 οὐθὲν
1657 1249 1819 1320 ὄφελος

436 1306 534 1352 οὐδ’
568 1307 676 1351 ἄλλο
705 1314 791 1349 τῶν
821 1307 942 1361 παρὰ
972 1312 1064 1357 τοῖς
1092 1312 1270 1357 πολλοῖς
1291 1306 1622 1378 υπειλημμένων
1648 1306 1818 1361 ἀγαθὸν

436 1366 549 1420 ε’χειν
579 1364 740 1418 ετέροις
766 1361 971 1433 ὑπήκοον
1001 1363 1130 1406 ὄντα·
1162 1379 1306 1407 παντα
1337 1365 1418 1420 γὰρ
1439 1382 1492 1407 τα
1521 1368 1704 1436 τοιαῦτα
1729 1370 1817 1407 τῶν

379 1420 692 1489 Ξοὴγουμένων
723 1418 777 1463 οὐ
809 1424 896 1463 τῶν
917 1418 1277 1490 υποτεταγμένων
1307 1421 1442 1464 ἐστίν·
1475 1420 1572 1472 ω’ςτ’
1606 1422 1724 1490 ε’ίπερ
1754 1437 1817 1470 τις

437 1478 581 1547 εαυτῷ
608 1473 812 1547 βούλεται
840 1477 914 1519 καὶ
944 1475 1001 1532 μὴ
1034 1481 1126 1527 τοῖς
1156 1475 1303 1526 α’λλοις
1323 1476 1577 1547 κτησασθαι
1587 1477 1639 1520 τὰ
1658 1475 1817 1532 ἀγαθά,

435 1532 613 1592 πρῶτόν
643 1533 732 1576 ἐστι
761 1533 1136 1577 κατασκευαστέον
1158 1532 1237 1589 τὴν
1254 1533 1521 1590 ἐλευθερίαν.
1553 1531 1817 1590 ἀμφοτέρων

572 1633 919 1690 2.1.αἰτευ’μενος]
949 1637 1074 1671 Euseb.
1098 1633 1301 1680 διζήμενος
1326 1639 1420 1671 MAI

572 1679 756 1726 2.1.ἐγώ
779 1682 833 1726 γε]
858 1684 983 1716 Euseb.
1007 1695 1066 1716 τοι
1089 1693 1155 1727 pro
1180 1696 1231 1726 γε.
1257 1686 1352 1717 ΜΑΙ.

570 1731 603 1764 ⁶2.
628 1727 662 1763 4.
687 1727 889 1773 ωφελήσαι]
916 1726 1104 1783 ωφελῆσαι
1125 1730 1178 1761 ed.
1205 1732 1305 1763 Pom.

571 1777 605 1810 2.
630 1774 663 1809 4.
705 1774 967 1819 Σπαρτιάτας]
1018 1772 1196 1831 Σπαρτας
1229 1776 1282 1808 e.d
1312 1777 1412 1809 Rom.
1424 1801 1434 1819 ‚
1475 1773 1537 1809 sed
1574 1775 1816 1821 interpretatio

480 1823 696 1869 Spartiatzs.
736 1823 819 1855 Mox
840 1823 957 1856 malim
979 1822 1046 1865 τῆς
1069 1819 1109 1855 δὲ
1134 1819 1320 1866 εἰπούσης.

573 1869 604 1903 2.
630 1868 663 1901 7
690 1864 822 1911 ἀνεῖλε]
849 1864 1008 1902 ἀνειλετο
1038 1869 1093 1901 ed.
1118 1870 1219 1901 Rom.

570 1915 603 1948 2
630 1914 741 1947 7.1n
771 1915 901 1947 codncis
925 1914 1037 1947 nostxi
1063 1915 1219 1953 margine
1241 1914 1390 1956 legitur:
1416 1909 1439 1959 ἡ
1460 1913 1594 1948 Πυθία
1618 1910 1743 1958 ἔχρησε
1765 1913 1818 1960 τῷ

479 1956 681 2003 Λυκούργῳ
704 1958 785 2016 περὶ
804 1973 879 1993 των
895 1959 1094 1994 πολιτικων
1115 1956 1245 1999 ου’τως.
1281 1962 1376 1993 ΜΑΙ.

571 2007 605 2039 2.
631 2007 665 2039 9.
704 2002 755 2060 ες]
781 2006 833 2045 εἰς
857 2007 1037 2039 Eusebius.

571 2052 604 2085 2
634 2053 688 2085 10.
714 2047 908 2094 ἡμερίοισι]
937 2049 1141 2095 ἡμετρίοισι
1165 2051 1218 2085 ed.
1243 2053 1344 2085 Rom.

569 2098 603 2131 ⁴2.
632 2099 687 2131 11-
713 2095 762 2139 τ’]
791 2098 873 2130 cod.
896 2098 971 2141 τῆς.
996 2100 1089 2131 ΜΑΙ.

567 2140 996 2197 2.11.αρετῆς]Ευ.ςεὺ
1012 2156 1075 2187 pro
1086 2137 1334 2196 οἷρετῆςῙιεὼετ
1348 2138 1527 2185 ἱερῆςθᾏ
1520 2152 1529 2162 ·
1553 2154 1648 2184 vere,
1664 2148 1701 2175 ut
1712 2148 1814 2195 putq,

479 2201 560 2222 nam
585 2189 679 2221 infra
698 2191 837 2221 nonnisi
863 2185 1016 2232 ἀνδρεία
1037 2187 1247 2243 appellatur
1252 2196 1287 2220 et
1311 2184 1480 2229 ὁμόνοια.
1504 2190 1600 2222 ΜΑΙ.
1624 2189 1662 2220 ld
1687 2190 1814 2232 recepi.

567 2234 601 2267 2.
629 2235 683 2267 12.
708 2230 870 2278 ἡγεῖσθε]
906 2235 990 2267 cod.
1019 2243 1054 2268 et
1072 2235 1199 2268 Euseb.
1228 2230 1414 2278 ἡγεῖσθαι.
1462 2235 1531 2268 Sed
1557 2235 1720 2268 Gallaeus
1745 2235 1814 2268 loc.

477 2279 536 2314 cit,
563 2275 723 2323 ἡγεῖσθε.
760 2283 854 2313 ΜΑΙ.

565 2326 597 2359 2
628 2325 683 2359 13.
708 2323 788 2369 τὴν]
816 2325 900 2358 Cod.
921 2325 998 2368 τῆς.
1026 2327 1123 2359 ΜΑΙ.

566 2369 682 2406 214.
717 2369 1036 2426 εἰςαφικάνουσιν]
1062 2370 1342 2415 εἰςαφικανοῦσι
1367 2371 1422 2404 ed.
1446 2373 1547 2405 Rom·

567 2417 601 2450 2
628 2418 682 2450 18
716 2414 818 2460 οὐδ’]
846 2413 930 2450 ουτ’
957 2419 1011 2451 e.d
1028 2419 1129 2450 Pom.

565 2463 600 2496 2.
624 2463 682 2496 22
710 2462 786 2498 ἐστι
806 2461 1132 2507 κατασκευαστέον]
1161 2461 1259 2497 ἔστιν
1274 2458 1571 2497 κατασκευαστὸν
1591 2461 1645 2497 ed.
1663 2463 1764 2497 Rom.

519 2561 554 2596 2.
578 2560 612 2595 5.
648 2562 773 2595 Confer
796 2563 1028 2597 Plutarchum
1051 2563 1204 2609 Lycurg.
1230 2564 1342 2597 XXX.
1383 2563 1482 2597 MAI.

520 2608 555 2642 2.
578 2608 636 2641 21.
661 2608 957 2654 εἰςαφικανοῦσι]
984 2611 1162 2644 Hacnnus
1181 2611 1361 2643 oraculum
1378 2610 1470 2652 apud
1489 2609 1556 2641 Eus
1559 2608 1613 2641 eb.
1631 2618 1751 2651 praep.
1771 2608 1813 2643 V.

427 2651 486 2688 28.
533 2654 580 2686 Et
604 2653 654 2686 sic
677 2655 783 2688 etiam
806 2660 915 2688 cessat
949 2657 1040 2698 apud
1063 2657 1260 2690 Gallaeum.
1307 2656 1552 2688 Verumtamen
1587 2654 1678 2696 apud
1701 2655 1815 2687 Euse-

428 2698 528 2732 bium
549 2699 708 2755 sequitur
730 2706 909 2743 tamquam
931 2702 1090 2744 prosaica
1113 2702 1245 2740 oratio,
1269 2705 1302 2734 et
1326 2701 1464 2744 quidem
1484 2700 1576 2733 male
1598 2699 1814 2742 interpuncta

428 2743 498 2788 τὴν
523 2743 562 2780 δὲ
582 2744 832 2790 πεφυλάχθαι.
869 2747 1044 2781 Mahoza
1068 2752 1132 2781 etc.
1157 2759 1246 2790 quae
1265 2753 1344 2780 sunt
1364 2747 1604 2789 imperitorum
1623 2756 1814 2779 amanuen-

428 2790 520 2823 sium
544 2796 604 2824 aut
627 2792 800 2826 editorum
832 2795 1080 2836 corruptiones.
1114 2794 1211 2830 MAI.
1257 2793 1334 2828 Non
1358 2791 1614 2837 interpungitur
1637 2796 1719 2827 ante
1739 2789 1813 2836 μά-

429 2838 533 2872 λιστα
555 2837 591 2872 in
616 2837 852 2883 Stephaniana
876 2839 1028 2875 Eusebii.
