1968 3346
408 182 449 211 w
576 214 581 221 ¹
822 160 1381 204 PRAEFATIQ

408 277 674 327 concedens.
743 277 807 323 Et
833 276 1016 323 Vrsinus
1049 276 1236 337 quidem
1267 291 1354 323 nec
1392 277 1610 321 rationem
1651 275 1802 336 operis

409 357 757 407 Constantiniani
787 358 848 402 ita
871 357 1050 402 videtur
1077 357 1354 417 perspexisse
1376 363 1426 401 ut
1451 346 1658 401 lacunam
1683 355 1802 399 duo-

412 438 630 498 deviginti
659 437 803 482 ferme
830 437 1075 493 librorum,
1109 453 1201 496 qua
1222 437 1415 482 Diodori
1444 441 1657 495 excerpta
1676 434 1803 480 hiant

411 518 483 563 ed.
505 522 680 561 nostrae
702 534 749 578 p.
773 517 901 573 163.‚
925 517 1314 573 animadverteret,
1334 532 1480 576 neque
1501 516 1545 560 in
1564 514 1802 559 reddendo

411 597 597 654 codice,
626 612 761 655 quem
787 597 845 641 ab
870 596 1048 642 infinitis
1069 611 1188 656 pene
1217 598 1392 642 mendis
1422 597 1666 642 vindicasse
1697 609 1804 639 nar-

411 684 504 734 rat,
539 678 641 722 satis
664 675 861 720 fideliter
881 681 1077 721 versatus
1103 692 1208 722 esse.
1278 676 1505 734 Quocirca
1527 675 1804 721 commodis-

411 760 522 804 sime
559 757 724 803 accidit
755 756 880 814 quod
915 756 1050 815 ipsius
1080 755 1213 801 huius
1243 756 1302 802 de
1328 756 1515 817 Legatis
1550 755 1665 798 tituli
1694 755 1806 799 alius

412 840 530 885 liber
548 836 872 895 manuscriptus
894 842 1084 881 aetatem
1107 837 1230 893 tulit,
1263 853 1398 896 quem
1432 837 1542 881 olim
1570 836 1806 895 Augustae

414 935 533 965 nunc
562 916 799 963 Monachii
831 922 1051 960 servatum
1080 916 1125 959 in
1155 917 1226 963 ed.
1256 916 1531 976 Bipontinae
1563 931 1691 959 usum
1726 929 1806 959 ex-

417 1000 550 1045 cussit
575 1001 639 1043 10.
665 996 1147 1056 Schweighaeuserus,
1184 996 1308 1042 cuius
1338 997 1397 1040 (le
1428 1011 1481 1039 eo
1510 995 1719 1039 adeunda
1742 1000 1807 1039 est

416 1080 638 1140 praefatio
679 1077 738 1121 ad
769 1076 1011 1134 Polybium
1042 1077 1131 1120 vol.
1156 1077 1213 1120 11.
1244 1091 1289 1135 p.
1313 1075 1478 1119 XXIV.
1550 1076 1655 1130 Quo
1686 1075 1806 1119 libro

418 1161 585 1206 collato
616 1165 661 1203 et
689 1157 793 1201 vitia
821 1158 962 1200 multa
993 1156 1228 1200 emendata
1260 1157 1539 1213 lacunaeque
1569 1156 1808 1215 suppletae

418 1246 538 1295 sunt,
587 1245 630 1283 et
653 1255 768 1296 quae
794 1239 1012 1282 librorum
1033 1237 1209 1282 circiter
1231 1235 1588 1282 X.-XXV111.
1615 1237 1807 1297 eclogae

420 1321 750 1376 desiderantur,
797 1319 881 1362 has
920 1319 1130 1378 apparuit
1178 1318 1268 1361 iam
1306 1318 1388 1361 illo
1428 1332 1483 1361 ex
1521 1316 1639 1360 libro
1684 1315 1808 1360 unde

419 1388 705 1460 Augustanus
729 1399 1073 1456 Vrsinianusque
1098 1398 1223 1442 ducti
1253 1404 1351 1442 sunt
1387 1397 1635 1452 evanuisse,
1666 1396 1809 1440 nihil-

420 1496 509 1540 que
537 1497 630 1524 esse
660 1479 785 1538 quod
818 1480 916 1538 ipse
937 1479 1118 1523 Vrsinus
1142 1479 1361 1532 omiserit,
1397 1477 1445 1520 id
1471 1475 1598 1535 quod
1624 1476 1668 1519 in
1691 1476 1808 1520 alio-

421 1577 520 1605 rum
551 1577 653 1605 eum
683 1560 952 1619 scriptorum
978 1558 1150 1618 eclogis
1171 1557 1329 1602 fecisse
1350 1555 1811 1616 Schweighaeuserus

422 1648 546 1685 notat
570 1641 599 1684 l.
625 1656 661 1685 c.
687 1657 731 1700 p.
750 1640 849 1684 XX.

558 1721 771 1765 Eiusdem
800 1720 930 1764 huius
961 1719 1021 1762 ‹le
1048 1718 1232 1779 Legatis
1260 1717 1373 1761 tituli
1397 1723 1574 1776 partem
1607 1716 1810 1773 alteram,

422 1818 539 1861 quae
558 1803 828 1846 recentiores
857 1799 1096 1844 historicos
1126 1798 1461 1857 complectitur,
1498 1797 1619 1840 annis
1651 1812 1740 1841 uno
1765 1801 1810 1842 et

420 1884 579 1943 viginti
611 1888 713 1942 post
736 1882 968 1940 Augustae
995 1879 1167 1924 Vindel.
1196 1877 1337 1923 edidit
1357 1876 1469 1920 Dav.
1492 1876 1808 1926 Hoeschelius.

423 1963 551 2018 Quae
569 1979 638 2006 res
659 1962 774 2006 nihil
797 1961 855 2004 ad
875 1960 1129 2004 Diodorum
1150 1959 1419 2018 pertineret,
1453 1956 1535 2000 nisi
1556 1958 1633 2002 ille
1654 1958 1808 2003 corol-

423 2043 522 2087 larii
552 2044 686 2086 instar
715 2043 932 2086 librorum
966 2041 1159 2085 Diodori
1191 2039 1310 2083 XXI.
1331 2061 1401 2071 -ω-
1420 2037 1587 2081 XXVI.
1621 2038 1808 2098 eclogas

424 2124 608 2168 editioni
639 2139 743 2167 suae
776 2122 1032 2177 adiecisset,
1073 2136 1182 2180 quas
1215 2120 1271 2163 ab
1299 2118 1457 2177 ignoto
1486 2116 1671 2162 homine
1697 2132 1810 2163 con-

422 2204 562 2248 fectas
600 2204 700 2248 Ric.
743 2203 1055 2247 Thomsonem
1088 2200 1289 2260 Anglum
1333 2213 1388 2242 ex
1425 2197 1544 2242 Lud.
1570 2197 1811 2243 Alemanni

422 2284 670 2328 Florentini
702 2283 816 2326 libro
849 2282 952 2325 MS.
995 2297 1147 2326 secum
1188 2278 1537 2324 communicasse
1573 2284 1809 2323 memorat.

420 2363 523 2407 Hae
574 2364 766 2422 eclogae
812 2378 868 2405 an
903 2370 947 2406 et
989 2363 1115 2420 ipsae
1161 2360 1438 2405 collectionis
1479 2358 1807 2402 Constantinia-

418 2459 503 2487 nae
530 2450 704 2503 partem
728 2443 1030 2488 constituerint
1059 2457 1149 2485 non
1178 2442 1340 2498 liquet:
1377 2439 1593 2483 differunt
1622 2439 1806 2496 quidem

418 2526 475 2568 ab
496 2541 548 2568 ea
568 2525 786 2567 librorum
818 2523 1100 2568 distinctione
1129 2528 1448 2579 auctoremque
1478 2518 1680 2579 produnt
1700 2518 1807 2578 ipsis

417 2605 674 2648 hominibus
700 2603 1067 2648 Constantiniauis
1093 2602 1344 2646 rudiorem:
1380 2600 1502 2645 cuius
1528 2599 1711 2658 culpam
1733 2599 1805 2642 vix

416 2686 606 2729 multum
628 2685 679 2727 iri
699 2685 916 2727 minutum
937 2682 1161 2738 existimo,
1193 2681 1362 2724 etiamsi
1381 2679 1704 2727 Alemanniano
1725 2692 1807 2723 co-

414 2767 539 2822 dice,
576 2766 652 2824 qui
673 2765 812 2826 longe
833 2764 1131 2810 vitiosissimus
1155 2768 1241 2819 est,
1280 2761 1496 2821 integrior
1516 2759 1631 2804 ullus
1649 2764 1804 2803 exstet.
