1968 3346
472 196 533 237 3⁰
667 190 971 235 EXCERPTA
997 190 1430 235 HOESCHELIANA
1459 193 1506 236 L.
1534 193 1668 251 XXV.

417 282 447 321 2
464 304 470 306 .

390 335 447 378 40
587 300 790 374 Ἀμίλκας
819 303 866 347 δὲ
892 303 1190 378 στρατηγήσας
1217 302 1327 348 κατὰ
1357 272 1621 361 Καρχηδόνα
1647 305 1754 363 ταχυ
1786 308 1868 380 τήν
1936 341 1941 346 .

475 363 664 430 πατρίδα
695 359 878 417 ηὔξησε,
915 362 989 404 καὶ
1018 363 1078 412 εἰς
1104 364 1180 412 τας
1208 359 1490 414 Ἡρακλείους
1519 362 1676 417 στήλας
1705 364 1778 406 καὶ
1807 366 1867 414 εἰς

475 418 530 460 τὰ
561 416 754 471 Γάδειρα
790 418 865 462 καὶ
907 420 967 469 εἰς
1006 417 1085 460 τὸν
1112 417 1321 461 Ὠκεανὸν
1350 435 1449 461 κατε
1441 419 1648 461 ’.πλευσεν
1694 417 1781 463 ἔστι
1820 421 1866 464 δὲ

476 472 531 517 τὰ
563 472 754 541 Γαδειρα
793 473 917 525 πόλις
952 474 1135 524 ἄποικος
1169 477 1412 518 Φοινίκων·
1451 480 1588 518 κεῖται
1617 474 1696 528 μὲν
1724 479 1784 527 εἷς
1813 477 1868 520 τοὶ
1967 503 1968 556 χ

479 531 636 604 ἔσχατα
663 534 740 587 τῆς
769 531 1039 601 οἰκουμένης
1060 530 1171 574 κατα
1204 530 1339 574 αὐτὸν
1367 531 1445 575 τὸν
1475 532 1697 584 Ὠκεανόν,
1728 533 1869 603 ὅρμον
1967 557 1968 586 1

393 578 450 623 45
475 587 654 659 ε’χουσα.
705 587 952 644 πολεμήσας
1000 587 1046 631 δὲ
1086 586 1263 644 Ἴβηρας
1313 588 1386 631 καὶ
1444 591 1714 643 Ταρτησιόυς
1762 589 1868 660 μετὰ

475 641 738 687 Ἰστολατίου
767 648 1011 699 στρατηγοῦ
1040 661 1130 687 των
1148 647 1325 688 Κελτῶν
1354 645 1428 688 καὶ
1454 650 1536 688 τοῦ
1567 645 1762 698 ἀδελφοῦ
1792 664 1868 689 αυ-

478 704 561 744 τοῦ
597 700 766 770 πάντας
808 700 1069 754 κατέκοψεν
1110 700 1157 744 ἐν
1199 699 1264 751 οἷς
1293 702 1366 744 καὶ
1396 702 1502 752 τούς
1531 701 1612 746 δύο
1643 701 1865 758 ἀδελφούς

476 758 561 801 σύν
590 755 738 808 ἄλλοις
769 756 1128 829 ἐπιφανεστατοις
1156 774 1230 827 ηγε
1234 755 1356 813 μόσι·
1383 759 1457 802 καὶ
1486 762 1664 830 τριςχιλί
1660 776 1742 809 ους
1768 763 1866 812 ζῶν-

473 831 552 865 τας
581 815 851 884 παραλαβών
881 814 1025 866 ε’ταξεν
1055 816 1114 864 εἷς
1142 830 1220 864 τας
1247 816 1360 886 ἰδίας
1390 816 1605 868 στρατιάς.
1650 813 1866 872 Ἰνδόρτης

387 865 444 908 50
473 871 521 914 δὲ
557 871 690 914 πάλιν
723 868 940 926 ἀθροίσας
968 887 1161 914 πεντακι
1153 873 1383 925 μυρίους,
1423 872 1497 914 καὶ
1526 873 1633 925 πρὶν
1670 873 1864 927 πολέμου

472 928 651 980 τραπεὶς
688 928 762 970 καὶ
801 944 959 983 φυγων
996 929 1056 977 εἰς
1094 915 1239 982 λόφον
1278 926 1401 977 τινά,
1437 928 1511 971 καὶ
1554 930 1865 1000 πολιορκηθεὶς

470 982 542 1027 ὑπ’
579 983 752 1038 Ἀμίλκα
787 1001 869 1037 και
891 983 1065 1038 νυκτὸς
1088 983 1220 1027 παλιν
1255 983 1437 1040 φυγών,
1477 983 1526 1027 τὸ
1556 989 1762 1028 πλεῖστον
1789 984 1864 1029 αὕ-

468 1044 552 1084 τοῦ
580 1039 818 1109 κατεκόπη,
861 1039 993 1092 αὐτὸς
1023 1031 1068 1084 δὲ
1101 1038 1322 1113 Ἰνδόρτης
1361 1042 1434 1084 καὶ
1465 1043 1648 1110 ζωγρίας
1675 1040 1863 1113 ἐλήφθη.

382 1102 438 1148 55
469 1097 522 1141 ὂν
551 1095 784 1153 τυφλώσας
808 1095 1012 1150 Ἀμίλκας
1041 1098 1115 1140 καὶ
1137 1097 1186 1147 τὸ
1215 1103 1340 1167 σῶμα
1362 1097 1643 1153 αἰκισάμενος
1660 1097 1863 1142 ανεσταύ-

469 1165 603 1209 ρωσε·
623 1154 742 1225 τούς
773 1153 819 1198 δε
851 1154 1013 1206 ἄλλους
1040 1148 1355 1225 αἰχμαλώτους,
1388 1154 1518 1216 ὄντας
1546 1156 1745 1224 μυρίων
1749 1157 1863 1199 πλεί-

465 1228 567 1262 ους,
609 1208 809 1256 απὲλυσε.
837 1211 974 1261 πολλ
952 1229 1001 1263 ας
1033 1210 1078 1254 δὲ
1108 1211 1256 1263 πόλεις
1285 1229 1337 1283 τῃ
1369 1208 1523 1254 πειθοι
1554 1207 1862 1283 προςηγαγετο,

463 1267 629 1319 πολλὰς
670 1268 716 1312 δὲ
757 1268 830 1312 καὶ
866 1263 1245 1337 καταπολεμήσας.
1289 1255 1572 1336 Ἀσδρούβας
1611 1269 1656 1312 δὲ
1686 1269 1710 1312 6
1743 1286 1862 1325 γαμ-

469 1324 577 1393 βρός
607 1323 835 1397 Ἀμίῖἶλκου
876 1326 1096 1381 πεμφθεὶς
1132 1342 1251 1379 παρα
1274 1329 1372 1368 τοῦ
1409 1325 1644 1396 κηδεστοῦ
1653 1327 1712 1376 εἰς
1738 1329 1869 1380 Καρ-’

382 1384 438 1427 60
466 1379 635 1438 χηδόνα
674 1384 734 1432 εἰς
772 1381 973 1453 πόλεμον
1002 1387 1092 1425 τῶν
1130 1374 1372 1453 Νομαδων
1398 1387 1487 1438 τῷν
1524 1377 1863 1425 επαναστάντων

444 1440 819 1494 Καρχηδονίοις,
871 1438 1114 1490 κατέκοψεν
1162 1437 1312 1483 ὀκτακι
1316 1430 1533 1507 ςχιλιὰυς,
1580 1441 1765 1494 ζωγρίας
1815 1439 1863 1483 δὲ

465 1495 592 1551 ε’λαβε
623 1497 882 1566 διςχιλίους,
922 1498 967 1539 οἱ
1005 1495 1050 1540 δὲ
1079 1496 1226 1538 λοιποὶ
1232 1494 1580 1566 ἐδουλώθησαν
1603 1495 1773 1552 φόρους
1800 1512 1863 1539 τε-

465 1552 675 1603 λε’σοντες.
706 1550 730 1596 ὁ
764 1553 810 1596 δὲ
837 1552 1038 1607 Ἀμίλκας
1066 1569 1163 1605 περι
1194 1551 1274 1608 τὴν
1307 1551 1387 1608 Ἰβῑ
1379 1554 1497 1606 γρίαν
1522 1552 1673 1606 πόλεις
1701 1554 1863 1613 πολλας

379 1609 435 1653 65
464 1608 687 1661 ὑποταξας
717 1609 876 1652 ε’κτισε
872 1610 1012 1652 πόλιν
1032 1611 1277 1678 μεγίστην,
1307 1610 1522 1659 καλέσας
1531 1608 1668 1664 αὐτὴν
1704 1610 1751 1652 εκ
1785 1613 1861 1666 τῆς

459 1670 540 1709 τοῦ
570 1666 712 1710 τόπου
740 1666 906 1717 θέσεως
930 1666 1101 1720 ’Ἀκραν
1129 1665 1317 1721 Λευκήν.
1371 1664 1574 1721 Ἀμίλκας
1617 1665 1664 1709 δὲ
1700 1665 1860 1724 Ελικῆ
1920 1703 1927 1707 ,

460 1740 514 1779 τῃ
554 1723 678 1767 πόλει
721 1722 1093 1794 παρακαθήμενος
1134 1739 1209 1765 και
1247 1726 1522 1776 πολιορκῶν,
1563 1721 1611 1767 τὸ
1653 1727 1860 1767 πλεῖστον
1928 1729 1932 1732 ’

462 1779 712 1850 στρατευμα
741 1781 813 1823 καὶ
845 1779 948 1831 τοὺς
986 1779 1225 1834 ἐλέφαντας
1264 1781 1323 1829 εἰς
1352 1781 1698 1835 παραχειμασίας
1727 1796 1775 1823 εν
1802 1782 1921 1852 τῇ511

461 1835 550 1879 ὑπ
544 1835 703 1880 ἀὐτοῦ
724 1839 948 1893 κτισθείση
974 1836 1100 1880 πόλει
1118 1838 1269 1893 Λευκή
1285 1834 1424 1905 ’Ἀκρᾳ
1449 1836 1720 1888 ἀποστείλας,
1751 1837 1861 1890 μετοέ

375 1900 433 1940 70
462 1898 552 1936 τῶν
581 1897 750 1937 λοιπων
786 1893 1025 1950 παρέμεινε.
1057 1892 1418 1963 συνεκβοηθήσαν
1421 1910 1495 1944 τος
1525 1893 1570 1936 δὲ
1600 1896 1681 1936 τοῦ
1713 1891 1857 1949 ’·Ορισ

462 1951 549 1993 σών
568 1950 716 2005 βασιλὲ
700 1968 778 2001 σως
805 1955 898 2002 τοῖς
929 1950 1331 2005 πολιορκουμένοις,
1365 1949 1479 2008 δόλῳ
1504 1950 1657 2006 φιλίαν
1681 1960 1855 1994 συνεπι-

460 2007 648 2061 θέμενος
690 2025 764 2051 και
811 2006 1094 2063 συμμαχήσας
1132 2007 1312 2061 ε’τρεψεν
1342 1996 1563 2062 Ἀμίλκαν.
1602 2005 1764 2049 τούτου
1808 2007 1855 2052 δὲ

463 2062 709 2133 φεύγοντος
737 2070 828 2115 τοῖς
855 2067 970 2115 υἱοῖς
999 2065 1075 2107 καὶ
1113 2069 1203 2114 τοῖς
1234 2065 1380 2119 φίλοις
1412 2063 1493 2119 τὴν
1531 2065 1750 2133 σωτηρίαν
1779 2081 1854 2108 κα-

374 2123 431 2165 75
460 2119 693 2164 τεσκεύασε
724 2119 774 2164 δι
811 2120 944 2177 ἄλλης
973 2120 1084 2165 ὁδοῦ
1113 2120 1332 2171 εκκλίνας·
1364 2119 1740 2175 καταδιωκόμενος
1768 2120 1853 2190 γάρ

457 2175 545 2221 ὑπὸ
577 2181 658 2221 τοῦ
687 2179 913 2233 βασιλέως,
946 2180 1006 2228 εἰς
1035 2176 1234 2248 ποταμόν
1263 2177 1399 2247 μέγαν
1428 2177 1513 2221 σύν
1541 2180 1602 2233 τῷ
1633 2179 1751 2235 ι’ππῳ
1786 2177 1854 2233 ἐμ-

457 2233 550 2305 βοὶς
568 2233 657 2278 ὑπὸ
685 2239 766 2278 τοῦ
799 2235 1015 2290 ῥεύματος
1053 2232 1274 2303 διεφθαρη
1313 2233 1400 2277 ὑπὸ
1437 2238 1519 2277 τοῦ
1553 2236 1702 2277 ι’ππου.
1734 2235 1778 2277 οἱ
1807 2234 1854 2278 δὲ

455 2291 556 2345 περὶ
582 2291 661 2334 τὸν
685 2290 886 2359 Ἀννίβαν
915 2292 988 2334 καὶ
1015 2290 1297 2348 Ἀσδρούβαν
1333 2289 1440 2342 τοὺς
1478 2289 1606 2342 υἱούς
1643 2290 1854 2348 διεσώθη-

459 2358 542 2390 σαν
573 2349 633 2398 εἷς
662 2365 744 2404 την
772 2347 947 2405 Λευκὴν
961 2347 1148 2420 ῗ’,Ἀκραν

372 2403 428 2444 80
566 2402 768 2459 Ἀμίλκας
805 2406 883 2459 μὲν
923 2408 1026 2457 οὐν,
1073 2406 1228 2459 καίπερ
1269 2407 1449 2454 πολλοῖς
1487 2403 1597 2447 ε’τεσι
1634 2402 1854 2477 πρότερον

455 2463 532 2516 τῆς
559 2460 767 2531 ἡμετέρας
795 2460 965 2516 ἡλικίας
993 2461 1316 2517 τετελευτηκώς,
1347 2460 1474 2515 εχ-έτω
1494 2459 1615 2517 παροὶ
1634 2465 1710 2517 τῆς
1739 2463 1851 2535 ιστο-

456 2519 556 2572 ρίας
587 2517 724 2573 ὥςπερ
757 2517 990 2575 ἐπιτάφιον
1021 2518 1100 2562 τὸν
1130 2520 1247 2562 ἴδιον
1277 2519 1472 2561 ἔπαινον.

452 2605 508 2641 45.
535 2610 690 2653 Ταρτεσ’
693 2621 757 2649 ους
769 2610 805 2642 Η
931 2622 1005 2644 των
1023 2610 1155 2650 Rhod„
1179 2608 1242 2644 καὶ
1261 2610 1336 2644 τῶν
1358 2609 1394 2642 11
1531 2607 1590 2642 48.
1612 2609 1846 2653 τοις-χιλίους]

450 2654 534 2699 2211
627 2655 683 2690 57.
708 2657 840 2690 πειθοῖ
862 2656 993 2697 Rhod„
1016 2658 1139 2703 πειθῷ
1162 2658 1198 2691 11
1290 2656 1346 2688 61.
1368 2652 1669 2700 ὀκτακιςχιλίους]
1697 2669 1730 2702 η
1753 2656 1791 2690 Η
1809 2659 1847 2690 et

449 2710 533 2733 mox
568 2701 601 2747 β
738 2702 794 2737 63.
819 2701 896 2737 τελέ
899 2714 1022 2742 σοντες
1054 2694 1196 2744 thd„
1223 2701 1436 2742 τελέσαντας
1462 2704 1498 2735 11

587 2745 669 2780 511.
693 2748 751 2782 71.
775 2749 1100 2791 πολιορκουμένοις
1123 2750 1176 2783 ed.
1201 2750 1300 2782 Wess
1286 2765 1325 2789 .,
1350 2746 1754 2792 πολιουρκουμένοιςΗ

447 2791 504 2825 27.
535 2794 834 2848 συνεπιθέμενος]
870 2796 1092 2832 scribendum
1116 2794 1381 2841 συντιθέμενος
1413 2796 1471 2829 wel
1505 2793 1731 2839 συνθέμενος

446 2837 503 2873 76.
527 2835 615 2885 ὑπὸ]
643 2840 753 2877 immo
776 2854 870 2886 μετα
