1968 3346
418 196 720 277 EXCERPTA
746 231 1126 275 LEGATIONVM
1155 233 1201 279 L.
1232 234 1384 276 XXXI.
1504 238 1589 279 169

201 345 359 398 πάντες
395 345 555 401 ἔλαβον
594 345 846 400 ἀποκρίσεις
886 344 944 390 δι’
986 338 1049 388 ῶν
1085 349 1167 390 τοῦ
1206 347 1286 402 μὲν
1315 344 1589 418 ὁλοσχεροῦς

203 404 352 460 φόβου
380 404 669 467 παρείθησαν,
697 403 796 459 περὶ
826 403 872 447 δὲ
900 405 990 446 τῶν
1014 402 1126 446 κατά
1154 403 1284 459 μέρος
1309 403 1589 460 ἐγκλημάτων

203 464 371 514 πικρῶς
399 459 727 528 ωνειδίσθησαν.
1618 490 1674 530 2⁰

306 516 406 560 “On
443 517 554 561 κατὰ
589 534 695 567 τους
733 513 896 565 αὐτούς
934 513 1124 571 χρόνους
1162 510 1273 572 ἧκον
1314 517 1376 568 εἷς
1410 515 1590 587 ”Ρω’μην
1623 545 1675 587 15

137 572 428 622 625πάντοθεν
468 575 512 617 οἱ
546 574 808 643 πρεσβευταὶ
847 573 1219 629 συγχαρησόμενοι
1257 578 1349 624 τοῖς
1387 573 1591 629 γεγονόσι

205 629 557 685 κατορθώμασιν.
599 629 626 685 ἡ
667 630 713 673 δὲ
754 628 996 700 σύγκλητος
1032 629 1358 685 φιλανθρώπως
1397 630 1591 682 ἅπαντας
1620 633 1676 673 20

203 686 503 757 ἀποδεχομένη
538 687 612 730 καὶ
648 686 726 737 τὰς
756 685 1009 740 ἀποκρίσεις
1043 686 1243 737 ἐπιεικεῖς
1274 689 1462 731 διδοῦσά
1493 699 1593 732 συν-

203 742 346 815 τόμως
376 743 586 795 ἑκάστους
616 741 832 787 ἀπέλυσεν
863 744 922 794 εἰς
951 742 1029 793 τοὶς
1057 745 1281 798 πατρίδας
1621 775 1677 813 21

306 799 403 843 Ότι
442 799 554 843 κατὰ
588 800 692 852 τούς
728 799 891 851 αὐτούς
929 799 1120 855 χρόνους
1149 803 1326 843 πολλῶν
1353 816 1593 856 παραγεγο-
1623 830 1679 871 25

203 855 347 901 νότων
362 860 653 927 πρεσβευτῶν
692 855 884 910 πρώτοις
913 862 1007 907 τοῖς
1044 857 1141 907 περὶ
1169 857 1384 900 ’Ἄτταλον
1413 857 1595 928 ἐχρημά-

202 925 321 957 τισεν
348 911 391 983 ἡ
407 912 668 984 σύγκλητος·
708 914 918 964 υπόπτως
954 914 1038 970 γὰρ
1079 920 1196 983 εἰχον
1227 931 1270 957 οι
1295 913 1512 984 Ρωμαῖοι
1541 914 1595 957 τά

202 969 315 1023 πρὸς
343 970 422 1014 τόν
455 970 635 1044 Εὐμένη
675 971 821 1014 ἕνεκεν
862 975 951 1014 τῶν
983 970 1253 1026 γραμμάτων
1288 975 1379 1014 τῶν
1416 969 1594 1027 εὑρημέ-
1623 973 1679 1013 30

203 1043 318 1079 νων,
362 1028 408 1070 έν
439 1027 504 1079 οἷς
542 1030 792 1085 συμμαχίαν
821 1022 878 1084 ἦν
907 1028 1241 1083 συντεθειμένος
1280 1028 1393 1083 πρὸς
1423 1028 1595 1082 Περσέα

203 1083 314 1126 κατά
350 1082 594 1140 Ῥωμαίων.
648 1084 1044 1140 κατηγορησάντων
1075 1085 1121 1128 δε
1155 1084 1370 1128 πλειόνων
1402 1084 1487 1129 απὸ
1519 1089 1594 1140 τῆς

199 1138 344 1209 Ἀσίας
373 1144 676 1196 πρεσβευτῶν,
719 1159 792 1186 και
821 1141 1007 1196 μάλιστα
1036 1145 1124 1185 τῶν
1154 1140 1489 1197 ἀπεσταλμένων
1516 1158 1595 1184 πα-

205 1197 262 1250 ρά
297 1201 528 1251 Προυσίου
558 1197 770 1254 βασιλέως
799 1201 872 1242 καὶ
894 1202 1120 1250 Γαλατῶν,
1153 1201 1197 1242 οἵ
1224 1199 1322 1252 περὶ
1351 1200 1429 1242 τὸν
1446 1198 1596 1242 ’Ἀττα-

203 1259 284 1298 λον
313 1255 603 1311 ἐνδεχομένως
632 1254 1014 1311 ἀπολογησάμενοι
1050 1255 1163 1312 πρός
1199 1256 1384 1299 ἕκαστον
1413 1260 1501 1298 τῶν
1530 1254 1595 1310 έγ-
1625 1255 1680 1299 35

202 1312 493 1367 καλουμένων
522 1312 576 1356 06
606 1312 748 1367 μόνον
777 1312 1071 1386 ἀπετρίψαντο
1102 1314 1177 1363 τὰς
1208 1310 1442 1383 διαβολάς,
1489 1310 1600 1355 ἀλλα

203 1368 278 1411 καὶ
306 1369 559 1439 τιμηθέντες
587 1371 836 1425 ἐπανῆλθον
868 1372 928 1420 εἰς
955 1387 1036 1425 την
1067 1372 1243 1413 οἰκείαν.
1281 1368 1309 1426 ἡ
1341 1369 1386 1412 δὲ
1404 1368 1601 1438 σύγκλη-

204 1440 281 1475 τος
325 1425 380 1468 οὐ
417 1443 526 1470 κατα
567 1431 658 1471 πᾶν
698 1428 820 1482 ἔληγε
857 1431 934 1482 τῆς
972 1399 1072 1471 κατ’
1114 1425 1346 1481 Εὐμένους
1387 1425 1599 1478 ὑποψίας,

204 1484 571 1555 προχειρισαμένη
602 1484 649 1527 δε
680 1483 821 1528 Γάϊον
858 1483 1121 1536 ἐξαπέστειλε
1159 1482 1517 1527 κατοπτεύσοντα
1545 1500 1599 1526 τα

169 1556 171 1558 ·
203 1555 317 1583 κατα
340 1540 418 1583 τὸν
446 1539 651 1596 Εὐμένη.ῑ
1629 1541 1684 1583 40

307 1595 407 1640 ΙὍτι
442 1600 672 1652 Προυσίας
709 1595 888 1650 ἀνάξιος
926 1595 1121 1666 γεγονώς
1161 1600 1243 1640 τοῦ
1272 1599 1348 1652 τῆς
1378 1595 1600 1666 βασιλείας
1628 1600 1685 1638 22

206 1654 512 1709 προσχήματος
548 1655 621 1697 καὶ
663 1654 908 1705 διατελέσας
936 1652 1080 1697 πάντα
1116 1653 1194 1696 τὸν
1222 1657 1303 1696 τοῦ
1334 1657 1411 1708 ζῆν
1439 1652 1600 1708 χρόνον
1629 1655 1686 1698 45

207 1712 395 1764 αισχρῶς
424 1710 675 1755 κολακεύων
695 1711 801 1761 τούς
824 1711 1127 1766 ὑπερέχοντας,
1159 1711 1233 1752 καί
1250 1725 1354 1752 ποτε
1371 1709 1602 1764 Ρωμαίων

207 1767 320 1820 πρὸς
351 1765 486 1812 αὐτὸν
513 1768 882 1838 παραγενομένων
919 1769 1200 1839 πρεσβευτῶν
1228 1766 1282 1809 τά
1311 1783 1390 1821 μεν
1419 1770 1495 1822 τῆς
1525 1769 1601 1820 βα-

209 1825 370 1875 σιλείας
399 1824 628 1880 σύμβολα,
661 1823 712 1868 τό
732 1842 776 1868 τε
801 1824 993 1895 διάδημα
1013 1841 1086 1867 και
1106 1840 1188 1879 την
1205 1822 1468 1877 πορφύραν,
1501 1821 1601 1865 ἀπέ-

207 1886 328 1933 θέτο,
360 1881 658 1952 μιμησάμενος
689 1881 735 1925 δὲ
763 1880 848 1951 τὴν
872 1886 961 1924 τῶν
992 1881 1254 1951 προςφάτως
1281 1878 1602 1934 ἀπελευθερου
1632 1883 1687 1927 50

209 1936 354 1993 μένων
382 1955 503 1992 παρα
527 1939 769 1993 Ρωμαίοις
797 1936 920 1991 τάξιν
950 1936 1200 1994 ἀπήντησεν
1229 1937 1504 2007 ἐξυρημένος
1522 1935 1602 1992 τὴν

208 1993 405 2068 κεφαλὴν
434 1996 508 2039 καὶ
536 1998 686 2039 πίλεον
725 1997 843 2065 ἔχων
871 1995 1055 2046 λευκόν,
1099 1995 1159 2037 ἔτι
1189 1994 1236 2037 δὲ
1267 1998 1424 2048 φορῶν
1452 1992 1602 2064 τήβεν-

209 2067 293 2094 ναν
312 2069 386 2095 και
407 2052 634 2097 κάντιλον·
668 2051 975 2114 ἀσπασάμενος
995 2051 1041 2095 δε
1064 2050 1169 2102 τοὺς
1193 2050 1471 2121 πρεσβευτὰς,
1504 2048 1604 2093 ἀπέ-

211 2126 371 2179 φαινεν
401 2109 559 2154 ἑαυτὸν
589 2107 891 2164 ἀπελεύθερον
923 2114 1035 2153 εἰναι
1060 2107 1318 2163 Ῥωμαίων·
1350 2109 1401 2164 ἧς
1432 2105 1602 2177 ἀγεννε-

210 2165 366 2221 στέραν
397 2166 551 2224 φωνὴν
571 2165 626 2211 06
646 2168 802 2225 ῥᾴδιον
827 2166 984 2222 εὑρεῖν.
1013 2165 1155 2210 πολλοὶ
1187 2165 1233 2208 δὲ
1263 2165 1338 2209 καὶ
1363 2138 1476 2208 ἄλλα
1503 2163 1603 2208 τού·
1632 2165 1688 2210 55

209 2269 367 2304 ciderunt
391 2281 481 2313 quae
503 2274 579 2305 tum
611 2270 782 2316 Polybius
815 2274 890 2304 tum
915 2269 1092 2303 D3odorus
1125 2266 1247 2301 Photii
1270 2266 1412 2324 p.515.
1437 2267 1494 2301 12.
1525 2270 1604 2311 post

209 2314 372 2352 ἐποιεῖτο
408 2316 498 2357 τους
531 2314 662 2373 λόγους
695 2318 826 2352 addunt
860 2317 1010 2362 πρῶτος
1041 2315 1096 2348 vel
1101 2316 1272 2369 πρῶτον
1295 2325 1362 2356 μεν
1391 2312 1607 2357 Φιλόφρων,

210 2360 302 2405 μετοὶ
329 2361 368 2397 δε
392 2363 529 2398 τοῦτον
551 2359 784 2407 Ἀστυμήδης
923 2362 980 2397 16.
1005 2362 1061 2396 17.
1088 2357 1146 2394 ότι
1165 2359 1542 2404 -κατορθώμασιν]
1569 2360 1608 2393 in

212 2409 270 2442 his
294 2409 427 2452 aliquid
452 2421 489 2443 se
511 2414 666 2444 mutasse
690 2410 725 2443 in
751 2412 865 2446 annot.
891 2409 1039 2443 ostendit
1064 2407 1143 2440 Vrs
1133 2418 1210 2440 mus
1274 2407 1365 2441 nihil
1401 2408 1445 2440 ab
1471 2418 1511 2440 eo
1536 2406 1606 2440 dis-

213 2454 318 2489 sentit
349 2456 400 2490 M.
434 2455 527 2490 idem
551 2456 684 2491 factum
714 2456 751 2491 in
784 2455 855 2490 illis
885 2456 944 2491 31.
979 2450 1379 2499 κατηγορησάντων-
1398 2452 1456 2489 32.
1480 2455 1608 2496 Πρου-

216 2501 386 2583 σίου625.
410 2547 467 2581 37.
494 2547 661 2606 chaalon]
697 2547 821 2583 οἰκίαν
843 2546 916 2582 MV
943 2539 1242 2582 S=1idas.{40‹‘av
1273 2544 1444 2588 Polybius
1475 2544 1609 2578 xxxl.

213 2591 248 2628 9.
271 2592 306 2628 5.
457 2593 514 2628 38
536 2593 597 2640 ε’λη
600 2595 652 2640 γε]
683 2592 778 2639 ε’λεγε
802 2595 842 2628 Μ
978 2593 1035 2626 39
1072 2589 1206 2636 Γάϊον]
1240 2591 1436 2634 Sulpicium
1463 2591 1610 2624 Gallum

213 2640 299 2684 Poly
297 2640 356 2673 b33
376 2640 501 2676 XXXI.
526 2641 560 2675 9.
582 2642 642 2684 6,
665 2640 720 2675 10.
745 2641 780 2678 1.
879 2635 1191 2681 κατοπτευσοντα]
1217 2635 1518 2673 κατοπτεύσαντα
1535 2635 1608 2668 MV

213 2685 273 2720 40.
296 2683 390 2720 nato}
415 2684 483 2721 τόν
506 2687 566 2729 Μ,
592 2700 686 2721 κατα
711 2686 743 2720 V
835 2686 893 2720 44.
922 2682 1035 2720 σ’τι-
1048 2684 1130 2719 626.
1155 2684 1214 2718 69.
1241 2683 1463 2719 σπεύδουσιν
1487 2681 1576 2715 0m3s
1579 2681 1607 2716 it

217 2732 259 2766 M
349 2732 407 2768 50.
434 2712 824 2776 ἀπελενθερουμένων]
850 2729 1150 2786 ἠλευθερωμένοι
1173 2731 1288 2774 aptius
1305 2729 1473 2773 Polybius
1492 2728 1606 2762 XXX.

217 2778 276 2813 16.
299 2779 333 2814 3.
424 2778 481 2813 52.
505 2779 703 2825 τήβενναν]
729 2779 910 2825 τηβένναν
935 2779 967 2809 V
1060 2775 1254 2832 κάντιλον]
1283 2774 1434 2810 κάλτιον
1459 2776 1517 2808 vel
1542 2785 1607 2807 κα-

218 2825 337 2859 λίκιον
362 2826 638 2872 Wesselingius·
662 2827 853 2867 καλικίους
876 2824 1046 2869 Polybius
1139 2823 1198 2859 54.
1221 2820 1497 2868 ἀγεννεστέραν]
1525 2818 1609 2866 οἶγε-

220 2883 318 2907 νεστε
314 2870 392 2918 ’ραν
414 2871 445 2906 V
