1968 3346
433 207 737 252 EXCERPTA
760 206 954 248 Pno'rll
990 208 1039 250 L.
1063 207 1237 250 xxxn.
1470 213 1528 255 4⁶1

88 318 152 354 523
194 343 197 346 ·
253 321 359 366 ’Ότι
371 316 708 391 Μασανάσσης
718 315 742 361 ὁ
770 316 974 386 Λιβύων
990 318 1308 374 βεβασιλενκώς
1345 319 1419 365 καὶ
1445 319 1527 378 τήν

150 378 263 434 πρός
298 377 540 445 Ῥωμαίους
577 367 730 429 φιλίαν
758 391 1001 444 τετηρηκως
1029 375 1289 444 ἐνενήκοντα
1315 377 1393 432 μὲν
1423 377 1531 434 ἐβίω
1554 359 1612 404 65

150 436 230 492 ἔτη·
252 435 300 479 έν
339 431 543 487 δυνάμει,
583 432 743 482 παῖδας
772 431 877 474 δέκα
903 430 951 473 ἐν
979 434 1041 490 τῷ
1070 431 1416 479 ἀπαλλάττεσθαι
1443 448 1528 478 κα·-

150 490 365 550 ταλιπων,
402 488 481 540 οὓς
518 489 592 532 καὶ
625 487 854 557 Ρωμαίοις
893 476 1257 558 ἐπιτροπεύεσθαι
1286 491 1527 545 παρεκατέὰ-

151 555 266 593 θετο.
293 551 358 603 ην
387 547 432 590 δὲ
460 545 533 588 καὶ
560 542 669 588 κατά
699 544 778 599 τὴν
805 547 886 587 τοῦ
917 543 1116 599 σώματος
1147 543 1351 589 εὐτονίαν
1379 547 1533 618 διαφέ-

152 622 245 660 ρων
273 605 367 649 καὶ·
379 602 584 676 καρτερία
611 601 684 643 καὶ
704 600 860 652 πόνοις
867 601 1083 671 συνήθης
1114 602 1160 644 ἐκ
1189 602 1365 654 παιδός·
1397 604 1447 655 ὅς
1475 619 1524 660 γε
1552 611 1609 651 70

99 677 101 685 ’
154 661 262 712 στάς
290 661 356 704 ἐν·
367 664 496 713 τοῖς
503 659 685 727 ι’χνεσιν
688 656 802 713 ὅλην
830 655 910 714 τὴν
948 656 1115 713 ἡμέραν
1149 656 1351 730 ἀκίνητος
1390 660 1523 729 ἔμενε,
1566 669 1571 682 ⁵

152 715 443 785 καθεζόμενος
472 714 518 758 δὲ
548 712 631 757 οὐκ
654 711 873 785 ἠγείρετο,
914 717 1044 783 μέχρι
1064 715 1223 766 νυκτὸς
1251 715 1526 772 ένημερεύων

151 780 246 825 ταῖς
272 777 362 816 τῶν
387 770 540 815 πόνων
567 771 805 838 μελέταις,
818 770 886 817 ἐπὶ
926 770 971 814 δὲ
999 770 1075 814 τὸν
1115 772 1271 815 ἵππον
1267 773 1526 842 ἐπιβαίνων

150 831 341 900 συνεχῶς
368 826 535 884 ἡμέραν
566 827 638 870 καὶ
667 825 806 871 νύκτα
834 827 907 870 καὶ
929 832 1044 878 ταῖς
1040 829 1281 878 ἱππασίαις
1303 827 1525 885 χρώμενος
1552 833 1610 876 75

150 884 235 930 οὐκ
263 885 467 938 ἐξελύετο.
502 888 697 955 σημεῖον
709 883 754 927 δὲ
783 887 865 952 τῆς
893 885 991 938 περὶ
1021 882 1159 928 αὐτὸν
1188 884 1350 937 εὐεξίας
1376 902 1434 929 τε
1452 887 1528 930 καὶ
1570 915 1572 919 ·
1604 898 1608 921 :

150 941 377 1010 δυνάμεως
420 941 641 997 μέγιστον
680 939 951 1010 ἐνενήκοντα
988 940 1071 996 γὰρ
1099 942 1267 1011 σχεδόν
1305 942 1414 998 ἔχων
1440 943 1536 1013 ετη

149 998 251 1043 υἱὸν
289 1004 372 1054 εῑχε
398 1000 612 1067 τετραετῆ
651 995 919 1068 διαφέροντα
957 1001 1012 1054 τῆ
1035 1002 1123 1041 τοῦ
1160 998 1359 1054 σώματος
1388 998 1538 1057 ῥώμῃ.

148 1072 198 1100 εν
221 1056 274 1099 δὲ
305 1059 404 1106 ταῖς
437 1058 526 1097 τῶν
565 1051 725 1109 ἀγρῶν
754 1053 1033 1124 ἐπιμελείαις
1048 1060 1264 1099 τοσοῦτον
1303 1053 1530 1126 διήνεγκεν

76 1153 79 1166 η
148 1129 210 1164 ως
256 1110 420 1181 ἑκάστῳ
457 1114 546 1154 τῶν
589 1112 701 1153 υἱῶν
740 1108 971 1155 ἀπολιπεῖν
1007 1108 1146 1165 αγρὸν
1182 1111 1526 1186 μυριόπλεθρον,
1555 1121 1612 1162 80

147 1167 470 1240 κεκοσμημένον
507 1165 668 1218 πάσαις
704 1172 806 1218 ταῖς
843 1173 1139 1220 κατασκευαῖς
1193 1169 1441 1226 ἐβασίλευσε
1481 1169 1524 1214 δ’

147 1225 372 1282 ἐπιφανῶς
403 1224 473 1281 ε’τη
501 1223 722 1280 εξήκοντα.
1280 1249 1283 1254 -

249 1304 367 1349 ’Ότι
391 1302 647 1360 Νικομήδης
678 1295 920 1372 Προυσίαν
954 1302 1033 1347 τὸν
1069 1303 1230 1348 ἑαυτοῦ
1257 1295 1425 1376 πατέρα
1451 1313 1524 1377 ’κοι-
1553 1313 1583 1353 4

75 1383 78 1400 ι
145 1360 468 1433 ταπολεμήσας,
507 1361 581 1404 καὶ
615 1358 927 1432 καταφυγόντα
965 1363 1024 1412 εἰς
1063 1361 1111 1404 τὸ
1150 1366 1247 1410 τοῦ
1257 1362 1377 1415 Διὸς
1396 1363 1529 1434 ἱερόν
1556 1368 1610 1411 85

147 1417 343 1471 ἀνελών,
370 1416 607 1488 παρέλαβε
634 1415 716 1474 τὴν
755 1418 988 1487 βασιλείαν
1016 1421 1094 1474 τῆς·
1120 1420 1351 1472 Βιθυνίας,
1380 1417 1526 1477 ἀσεβε-

147 1475 289 1537 στάτῳ
321 1473 445 1533 φόνῳ
474 1473 739 1538 κτησάμενος
767 1473 848 1530 τήν
877 1472 1030 1535 ἀρχήν

227 1554 356 1599 “On
384 1555 644 1624 Λυσιτανοί,
684 1554 812 1623 φησί,
846 1552 895 1596 τὸ
924 1553 1003 1608 μὲν
1031 1557 1209 1608 πρῶτον
1248 1553 1329 1602 οὐκ
1359 1557 1526 1613 ε’χοντες
1553 1557 1582 1597 5

147 1610 383 1668 ἀξιόχρεων
398 1610 601 1682 ἡγεμόνα
630 1609 843 1653 εὐάλωτοι
860 1611 1126 1654 καθίσταντο
1152 1610 1378 1683 Ρωμαίοις
1405 1619 1532 1658 πολε
1556 1617 1611 1657 90

147 1673 352 1725 μὸῦντες
389 1667 602 1725 ὕστερον
604 1667 649 1710 δὲ
673 1666 927 1737 Τριάτθον
941 1666 1208 1723 κυρήσαντες
1233 1669 1398 1739 μεγάλα
1420 1670 1536 1716 Ῥω,-

151 1727 308 1796 μαίους
338 1725 545 1794 ἔβλαψαν.
560 1726 631 1780 ᾐν
651 1739 754 1780 μεν
759 1740 861 1777 -ουν
873 1717 1004 1796 οὗτος
1032 1728 1122 1776 τῶν
1141 1725 1259 1780 παρὰ
1277 1726 1356 1769 τόν
1368 1723 1530 1775 ’.Ωκεα-Ι

148 1781 231 1825 νόν
253 1777 498 1825 οἰκούντων
516 1771 783 1830 Λυσιτανων,
813 1782 1061 1849 ποιμαίνων
1088 1779 1124 1824 δ’
1145 1781 1200 1825 ἐκ
1215 1783 1372 1837 παιδός
1395 1782 1535 1840 ὀρείῳῖ

147 1840 230 1897 βίῳ
271 1838 453 1906 κατέστη
482 1835 700 1908 συνήθης,
741 1835 953 1905 συνεργὸν
990 1837 1098 1906 ἔχων
1126 1839 1200 1882 καὶ
1225 1839 1306 1895 τήν
1333 1844 1415 1883 τοῦ
1446 1841 1527 1884 σω·

147 1911 282 1952 ματος
311 1893 466 1950 φύσιν·
505 1893 579 1936 καὶ
605 1894 690 1948 γάρ
723 1892 848 1962 ῥώμῃ
877 1893 950 1936 καὶ
993 1893 1111 1949 τάχει
1137 1895 1210 1938 καὶ
1243 1913 1296 1965 τῃ
1324 1913 1414 1940 των
1442 1901 1530 1941 λοι·
1555 1904 1611 1945 95

147 1955 246 1995 πῶν
275 1956 440 2021 μερῶν
451 1948 675 2019 εὐκινησία
698 1949 810 1993 πολὺ
838 1947 1033 2020 διήνεγκε
1063 1954 1151 1994 τῶν
1166 1949 1371 2024 Ἰβήρων.
1403 1965 1529 1997 συνε-

146 2011 279 2059 θίσας
309 2008 355 2052 δε
386 2006 521 2051 αὑτὸν
547 2011 696 2076 τροφῇ
723 2023 803 2061 μεν
831 2005 956 2077 ὀλίγῃ
984 2009 1245 2062 γυμνασίοις
1274 2010 1320 2053 δὲ
1347 2014 1527 2063 πολλοῖς

147 2069 358 2135 χρῆσθαι,
389 2064 462 2108 καὶ
489 2063 616 2122 ὕπνῳ
645 2063 768 2119 μέχρι
796 2063 940 2132 μόνου
968 2068 1052 2135 τοῦ
1081 2064 1345 2120 ἀναγκαίου,
1381 2068 1526 2111 καθό-

148 2126 230 2164 λου
275 2122 321 2164 δὲ
360 2108 673 2188 σιδηροφορεῖν
712 2122 901 2175 συνεχως
939 2121 1012 2163 και
1046 2123 1222 2192 θηρίοις
1249 2123 1318 2166 καὶ
1349 2127 1527 2193 λῃσταῖς

149 2179 211 2229 εἰς
240 2177 410 2233 ἀγῶνας
437 2175 774 2250 καθιστάμενος.
805 2176 1064 2247 περιβόητος
1090 2178 1255 2234 ἐγένετο
1283 2180 1404 2248 παρὰ
1431 2186 1526 2233 τοῖς
1557 2187 1639 2227 100

147 2233 356 2306 πλήθεσι,
396 2235 469 2278 καὶ
497 2232 672 2290 ἡγεμών
700 2232 852 2284 αὐτοῖς
879 2232 1043 2306 ῃρέθῃ,
1082 2236 1156 2278 καὶ
1179 2235 1300 2305 ταχύ
1329 2237 1530 2308 σύστημα

148 2292 248 2348 περὶ
286 2291 443 2335 ἑαυτὸν
479 2294 652 2348 λῃστῶν
689 2289 886 2346 ἤθροισε.
934 2290 1009 2334 καὶ
1048 2291 1313 2347 προκόπτων
1351 2293 1399 2338 ἐν
1433 2300 1530 2348 τοῖς

239 2438 319 2474 523.
343 2439 400 2475 64.
430 2438 704 2498 Μασανάσσης]
735 2437 938 2485 Μανάσσης
973 2440 1107 2483 Amen,
1135 2442 1320 2497 Μανασῆς
1350 2443 1402 2485 A,
1440 2446 1529 2480 Μα-

147 2486 284 2530 νασσῆς
307 2486 338 2519 Β
474 2487 530 2521 65.
556 2485 772 2532 ἐνενήκοντα
794 2488 844 2527 Α,
868 2486 996 2521 caeteri
1019 2486 1261 2530 ἐννενήκοντα
1376 2489 1432 2524 68.
1456 2504 1528 2526 πα

148 2531 364 2575 ρεκατέθετο
389 2532 440 2576 A,
464 2533 592 2567 caeteri
613 2533 892 2577 παρακατέθετο
1008 2533 1066 2568 73.
1089 2533 1156 2570 τὸν
1187 2534 1302 2570 ι’ππον
1325 2533 1528 2590 ἐπιβαίνων

147 2579 203 2620 Β,
235 2579 265 2612 A
292 2589 403 2620 cona,
440 2578 567 2613 caeteri
590 2580 663 2614 τῶν
687 2580 809 2614 ἵππων
831 2577 1023 2636 ἐπιμένων
1154 2580 1211 2615 ⁷5.
1242 2579 1424 2626 ἐξελύετο]
1451 2581 1526 2625 ἐξε-

147 2625 272 2660 mmo
296 2624 326 2658 A
472 2624 530 2660 81.
561 2623 791 2679 ἐβασίλευσε]
824 2622 1062 2682 ἐβασίλευσαν
1090 2626 1200 2661 Amet.
1349 2627 1407 2662 89.
1439 2626 1528 2665 εὐά-

147 2675 258 2706 λωτοι
280 2671 331 2712 A,
365 2666 550 2706 εὐάλωτον
579 2671 708 2706 caeteri
893 2671 948 2707 93.
983 2669 1021 2706 6'
1053 2672 1184 2708 addidit
1203 2672 1368 2707 Reiskius

148 2695 470 2803 ὔὲῗέῗύγνέθᾞαςΒ
483 2774 608 2817 margo
639 2717 700 2798 ἰῇ.
730 2715 923 2804 Ξῖἴεζοὲω
946 2716 1170 2818 ἓῒέειιθιξῑξιςα
1198 2731 1251 2805 ff,
1276 2720 1450 2820 ΐτῗῖηὲθὲς
1482 2766 1526 2808 A,

150 2810 336 2844 συνείθισε
371 2809 498 2843 caeteri
681 2808 722 2846 δὲ
746 2806 883 2852 αὑτὸν]
909 2804 1025 2845 αὑτὸν
1049 2811 1098 2851 A,
1131 2808 1170 2845 δε
1193 2809 1326 2846 εαντόν
1356 2811 1389 2845 Β

148 2854 206 2890 98.
238 2852 367 2900 νπνῳ]
398 2851 519 2892 νἰινου
549 2855 580 2891 A
747 2854 827 2889 100.
859 2853 997 2900 ἐγένετο
1029 2856 1158 2892 addunt
1188 2857 1219 2892 A
1245 2856 1356 2892 Amet.
