1968 3346
440 220 738 264 EXGERPTA
764 220 958 263 PHoTu
988 221 1279 264 L.XXXV11.
1500 227 1558 267 69

95 304 99 333 Ι
169 335 260 382 τοῖς
292 329 538 387 ’.Ρωμαίοις
580 331 639 381 εἰς
678 331 724 375 δὲ
761 331 842 388 τὴν
871 331 919 375 ἐν
947 332 1190 383 Σαυνίταις
1217 333 1455 386 Αἰσερνίαν
1482 348 1555 376 κα

166 386 471 458 θιδρύθησαν,
506 387 631 430 πέντε
660 387 930 444 στρατηγοὺς
959 387 1109 438 αὐτοῖς
1138 388 1459 457 ἐπιστήσαντες,
1491 391 1555 432 ὠν
1584 394 1639 436 60

166 442 231 487 ἑνὶ
259 443 443 516 μάλιστα
472 446 645 500 Κοΐντῳ
667 447 928 514 Πομπαιδίῳ
953 447 1121 488 Σίλωνι
1132 444 1230 514 τήν
1257 445 1434 489 πάντων
1461 444 1556 502 ἡγε-

166 501 329 554 μονίαν
371 488 628 544 ἐπίστευσαν
669 500 741 544 διοὶ
780 517 875 570 την
898 501 996 556 περὶ
1035 498 1173 544 αυτὸν
1210 500 1257 543 ἐν
1287 505 1347 557 τῷ
1378 513 1557 558 στρατη-

167 561 261 612 γεῖν
289 555 445 613 άρετήν
473 572 517 599 τε
544 556 615 599 καὶ
646 557 791 610 δόξαν.
820 551 952 608 οὗτος
982 556 1027 601 δε
1056 555 1163 625 μετὰ
1189 559 1265 613 τῆς
1284 562 1440 625 κοινῆς
1467 562 1557 601 τῶν

168 617 420 683 στρατηγῶν
461 611 638 669 γνώμης
683 613 970 657 κατεσκεύασε
1008 611 1201 683 μεγάλην
1238 612 1454 669 δύναμιν,
1495 631 1556 665 ως
1585 619 1641 661 65

165 685 274 720 τους
303 668 554 739 σύμπαντας
582 669 686 725 μετὰ
716 687 807 713 των
833 669 1214 738 προϋπαρχόντων
1250 685 1351 737 περι
1389 686 1560 725 τριςμυ-

169 727 296 796 ρίους
336 724 555 780 γενέσθαι.
591 726 720 780 χωρὶς
760 726 806 770 δε
836 727 1008 770 τούτων
1036 743 1140 777 τους
1178 724 1365 776 δούλους
1394 726 1561 769 ἐλευθε-

169 780 314 851 ρώσας
342 782 416 824 καὶ
445 798 504 832 ως
533 781 556 825 ὁ
591 781 747 836 καιρὸς
776 783 924 826 ἐδίδου
953 785 1246 833 καθοπλίσας,
1286 786 1473 837 συνῆγεν
1503 800 1557 826 ου

168 836 283 882 πολυ
325 839 552 888 λείποντας
589 843 678 881 τῶν
707 841 966 894 διςμυρίων,
996 841 1138 889 ἱππεῖς
1167 838 1213 881 δὲ
1242 841 1417 894 χιλίους
1441 850 1561 907 συμ-

161 893 330 966 βαλων
356 894 404 938 δὲ
439 893 678 949 Ῥωμαίοις
723 896 970 950 Μαμέρκου
1010 899 1356 966 στρατηγοῦντος
1397 892 1558 947 αὐτῶν,
1587 905 1644 945 70

178 952 410 1006 Ρωμαίους
455 951 545 1020 μὲν
574 950 743 1004 άναιρεῖ
778 951 973 1007 ὀλίγους
1021 956 1111 995 τῶν
1151 949 1196 995 δ’
1239 953 1412 994 οἰκείων
1446 967 1559 1006 υπερ

170 1007 474 1078 ἓξακιςχιλίους
518 1005 769 1064 άποβάλλει.
809 1009 882 1051 καὶ
911 1008 1133 1059 Μέτελλος
1161 1008 1272 1051 κατὰ
1299 1007 1378 1063 τὴν
1405 1005 1561 1051 Ἀπου-

168 1066 270 1108 λίαν
298 1080 379 1120 την
405 1062 701 1117 Οὐενουσίαν,
740 1062 870 1108 πόλιν
899 1063 1131 1119 ἀξιόλογον
1159 1060 1299 1107 οὖσαν
1327 1064 1402 1107 καὶ
1440 1075 1564 1117 στρα-

167 1118 326 1171 τιώτας
354 1120 545 1171 πολλοὺς
565 1121 774 1176 ἔχουσαν,
813 1120 1140 1177 ἐξεπολιόρκησε
1167 1120 1280 1164 κατὰ
1301 1119 1476 1192 καιρὸν
1485 1120 1564 1163 τὸν

103 1175 334 1228 54οαὐτόν,
371 1177 450 1220 καὶ
486 1179 663 1228 πλείους
703 1181 794 1221 τῶν
830 1180 1075 1233 τριςχιλίων
1113 1176 1410 1232 αἰχμαλώτους
1439 1173 1562 1219 εἷλεν.
1592 1187 1649 1229 75

169 1233 526 1288 ἐπικρατούντων
555 1232 599 1277 δ’
631 1233 698 1277 ε’πὶ
728 1238 894 1290 μᾶλλον
917 1235 991 1278 καὶ
1018 1238 1182 1289 μᾶλλον
1209 1238 1299 1277 τῶν
1313 1233 1562 1287 “Ρωμαίων,

168 1291 416 1344 πέμπουσιν
469 1291 513 1333 οἷ
556 1288 711 1334 Ἰταλοὶ
771 1291 883 1344 πρὸς
930 1290 1215 1346 Μιθριδάτην
1260 1289 1338 1334 τόν
1385 1289 1566 1357 βασιλέα

171 1348 378 1399 Πόντου,
409 1344 655 1419 ἀκμάζοντα
684 1346 779 1390 τότε
809 1352 1022 1404 πολεμικῇ
1050 1348 1157 1403 χειρὶ
1189 1348 1262 1390 καὶ
1291 1349 1563 1402 παρασκευῇ,

172 1403 397 1455 ἀξιοῦντες
424 1403 493 1447 ἐπὶ
521 1402 603 1474 τήν
628 1403 813 1447 Ἰταλίαν
841 1406 953 1448 κατὰ
966 1404 1201 1459 Ῥωμαίων
1232 1402 1354 1474 ἄγειν
1381 1420 1460 1454 τας
1490 1405 1565 1444 δυ-

170 1461 342 1516 νάμεις·
375 1459 492 1504 οὕτω
521 1459 605 1516 γὰρ
636 1461 798 1529 ῥᾳδίως
827 1478 883 1504 αν
913 1461 1234 1515 συναφθεντων
1250 1477 1299 1503 το
1316 1458 1567 1530 “Ρωμαῖκόν
1596 1473 1650 1513 30

169 1516 596 1586 καταβληθήσεσθαι
626 1515 798 1570 κράτος.
848 1516 873 1561 ὁ
922 1517 968 1560 δὲ
1006 1516 1291 1587 Μιθριδάτης
1331 1515 1566 1570 ἀπόκρισιν

171 1575 354 1618 δίδωσιν
389 1573 508 1624 ἄξειν
545 1571 623 1624 τάς
664 1573 872 1628 δυνάμεις
919 1575 980 1624 εἷς
1017 1591 1099 1629 την
1143 1571 1347 1620 Ἰταλίαν,
1393 1572 1568 1616 ἐπειδὰν

174 1629 294 1687 αὐτῷ
334 1628 581 1686 καταστήσῃ
611 1629 703 1698 τὴν
736 1628 902 1673 Ἀσιαν·
948 1633 1081 1674 τοῦτο
1126 1646 1213 1684 γαρ
1260 1630 1334 1672 καὶ
1372 1629 1567 1684 ε’πραττε

175 1686 245 1730 διὸ
277 1690 498 1735 παντελῶς
527 1688 571 1728 οί
598 1684 838 1729 ἀποστάται
864 1687 1179 1756 τεταπεινωμέν
1184 1703 1224 1728 οι
1253 1683 1566 1740 ἀπεγίνωσκον·
1596 1697 1650 1739 85

173 1743 322 1787 λοιποὶ
348 1742 432 1798 γὰρ
447 1742 661 1813 ὑπηρχον
690 1746 926 1788 Σαυνιτῶν
956 1741 1093 1796 ὀλίγοι
1122 1760 1193 1785 και
1224 1742 1441 1796 Σάβελλοι
1474 1743 1567 1784 δια-

173 1801 396 1866 τρίβοντες
441 1798 489 1842 ἐν
532 1803 585 1854 τῇ
629 1798 786 1855 Νώλᾳ..
835 1799 909 1869 καὶ
945 1799 1055 1852 πρός
1094 1815 1142 1854 γε
1181 1798 1355 1848 τούτοις
1391 1800 1436 1841 οἱ
1470 1797 1570 1851 περὶ

173 1853 446 1909 Λαμπώνιον
474 1855 548 1898 καὶ
579 1858 839 1907 Κλεπίτιον,
880 1855 1047 1910 ε’χοντες
1077 1857 1260 1906 λείψανα
1289 1860 1376 1897 τῶν
1405 1859 1570 1897 Λευκα-

173 1916 277 1957 νῶν
321 1910 391 1954 διὸ
434 1911 507 1954 καὶ
543 1916 623 1954 τοῦ
663 1916 900 1964 Μαρσικοῦ
939 1912 1135 1967 πολέμου
1173 1924 1242 1966 σχε
1249 1911 1328 1953 δὸν
1365 1911 1446 1966 ἤδη
1478 1913 1569 1953 δια-

173 1969 395 2021 λυομένου
445 1966 577 2011 πάλιν
623 1970 669 2011 αἱ
723 1970 1093 2023 προγεγενημέναι
1147 1967 1316 2018 στάσεις
1362 1966 1569 2023 ἐμφύλιοι
1598 1986 1651 2024 90

173 2042 285 2070 κατα
322 2023 401 2079 τὴν
436 2022 617 2079 Ῥώμην
658 2024 851 2080 κινήσεις
881 2025 1151 2080 5koiyfioev02½
1194 2022 1570 2079 αντιποιουμένων

172 2085 348 2126 πολλῶν
377 2080 564 2132 ἐνδόξων
592 2080 641 2125 τὸ
670 2087 814 2137 τυχεῖν
855 2085 932 2136 τῆς
967 2098 1077 2124 κατα
1105 2081 1394 2131 Μιθριδάτου
1434 2092 1574 2133 στρα-

0 2150 28 2188 τη·
68 2147 69 2150 ’
173 2141 325 2195 τηγίας
354 2136 427 2181 δια
456 2138 505 2180 τὸ
533 2139 717 2206 μέγεθος
746 2142 835 2180 τῶν
864 2137 1089 2181 ἐπάθλων·
1120 2136 1254 2188 Γάϊός
1283 2154 1327 2180 τε
1357 2136 1442 2193 γὰρ
1471 2135 1572 2180 Ἰού-

0 2195 27 2234 )Ᾱ·
173 2200 293 2248 λιος
296 2195 369 2238 καὶ
400 2193 535 2245 Γάϊος
564 2193 745 2264 Μάριος
782 2194 806 2238 ὁ
839 2194 979 2246 ἑξάκις
1003 2193 1249 2245 ὑπατεύσας
1279 2192 1571 2249 άντεφιλονεί-
1602 2211 1654 2249 95

1 2248 27 2303 ὴν
175 2268 310 2306 κουν,
340 2251 414 2296 καὶ
437 2250 487 2295 τὸ
518 2255 689 2307 πλῆθος
715 2268 772 2307 ην
811 2249 1031 2309 ἑκατέροις
1071 2250 1444 2309 συμμεριζόμενον
1475 2254 1572 2302 ταῖς

177 2398 237 2434 59.
269 2398 559 2445 καθιδρυθησαν
583 2401 636 2441 Β,
661 2400 798 2434 'caeteri
832 2401 1072 2445 καθίδρυσαν
1231 2395 1288 2436 61.
1321 2397 1479 2443 μάλιστα
1502 2409 1573 2434 om

176 2447 289 2481 Amat.
449 2447 506 2481 65.
539 2447 885 2494 προϋπαρχόντων
886 2448 934 2488 Α,
964 2449 1091 2482 caeteri
1113 2445 1356 2506 υπαρχὸντων
1514 2445 1572 2480 68.

0 2504 26 2542 ιςι,
179 2492 397 2547 διςμυρίων]
420 2494 565 2537 μυρίων
587 2494 619 2528 Α
755 2493 814 2528 73
839 2495 956 2529 ου’σαν
981 2506 1052 2531 om.
1075 2495 1108 2530 A
1250 2493 1407 2540 ἔχουσαν
1429 2492 1474 2536 A,
1497 2502 1575 2526 cae-

179 2539 249 2574 teri
272 2536 474 2583 ἀνέχουσαν

273 2605 354 2641 540.
378 2606 437 2642 75.
462 2606 554 2643 εἷλεν
575 2608 604 2642 A
629 2609 742 2643 Amst.
755 2633 766 2650 ‚
789 2609 918 2643 caeteri
940 2608 1041 2646 εἶλον
1177 2610 1236 2645 80.
1259 2608 1399 2657 ῥᾳδίως
1416 2607 1465 2651 A,
1488 2616 1573 2640 cae-

0 2652 25 2688 62-
180 2653 249 2688 teri
274 2652 410 2697 ῥᾴδιον
569 2654 627 2688 82.
660 2652 761 2698 άξειν
785 2657 814 2690 Α
837 2657 967 2710 Amet„
1001 2656 1132 2692 caeteri
1156 2655 1250 2700 ἕξειν
1409 2632 1576 2696 ἐπειδᾶν]

0 2696 25 2735 καὶ
180 2698 262 2736 ἐπεὶ
286 2700 416 2740 Amet„
439 2696 498 2743 (μή
521 2703 557 2734 et
580 2698 683 2749 αὐτῷ
706 2701 926 2758 καταστήσει
1061 2702 1119 2737 85.
1145 2702 1287 2746 λοιποὶ]
1313 2698 1443 2737 λοιπὸν
1467 2701 1578 2734 Amst.

6 2747 24 2782 A,
278 2745 336 2782 89.
361 2744 422 2780 διὸ
445 2746 507 2780 καὶ
527 2747 575 2789 A,
601 2737 729 2782 oae‘teri
753 2746 813 2783 διὸ
967 2748 1027 2784 90.
1052 2746 1245 2795 ἐμφύλιοι]
1272 2747 1449 2804 ἐμφύλιοι
1472 2746 1582 2780 Amet

0 2794 24 2828 56.
278 2792 336 2826 92
362 2792 626 2841 Μιθριδάτου]
655 2793 923 2841 Μιθρειδάτου
946 2797 1057 2832 Amet.
1196 2797 1254 2833 9τὶ
1281 2797 1335 2842 τε]
1357 2793 1401 2831 τό
1426 2794 1537 2830 Amet.
