1968 3346
241 181 330 255 218
439 262 441 264 ,
808 207 968 248 mn.
1025 203 1243 248 V1.—x.

269 334 493 378 Fragmenta
577 326 760 371 Excerpta
854 324 1038 368 Excerpta
1137 323 1323 367 Excerpta

242 400 247 401 ⁷
575 383 754 417 Vaticana
881 380 1002 415 Vrsini
1157 378 1294 413 Valesii

1438 433 1537 468 filiae
1567 433 1606 468 in
1634 434 1805 469 sollemni

1436 503 1572 537 pompa
1586 491 1671 525 dato
1684 504 1805 526 scom-

600 552 659 588 30.
690 554 744 588 15.
1438 559 1500 581 ma

1378 603 1560 640 Pisisuati
1578 600 1666 638 cum
1685 603 1806 638 Attico

1436 660 1668 695 mercenario
1691 661 1808 694 collo·

1436 718 1568 763 quium
1599 714 1808 763 natumque

592 781 651 817 80.
681 779 738 816 23.
1437 774 1526 808 inde
1565 773 1808 820 proverbium

1380 830 1500 866 Servii
1554 831 1671 865 Tullii
1719 841 1807 863 cum

1437 887 1644 932 Tarquinio
1663 887 1745 921 rixa
1769 892 1807 921 et

601 952 658 988 31.
687 951 722 986 3.
1438 943 1569 977 caedes

1141 1000 1225 1038 553.
1254 995 1314 1037 64.
1440 999 1621 1046 quamdiu
1640 999 1809 1046 regnarit

1377 1056 1604 1103 Pythagoras
1641 1056 1703 1092 Ol.
1747 1055 1807 1092 61.

1140 1109 1222 1151 554.
1249 1113 1306 1149 67.
1438 1113 1561 1147 clarus

1378 1171 1613 1216 Pythagorae
1641 1169 1682 1204 in
1710 1168 1809 1204 Phe-

1436 1227 1599 1272 recyden
1653 1237 1807 1271 praece-

1145 1279 1227 1320 554.
1258 1279 1317 1318 84.
1389 1315 1394 1323 ,
1438 1289 1586 1328 ptorem
1613 1282 1730 1328 pietas

1377 1340 1698 1386 Pythagoreorum
1749 1350 1807 1374 se-

1435 1403 1518 1431 ctae
1538 1396 1669 1442 regula
1691 1408 1806 1445 quae-

1138 1450 1218 1489 554.
1246 1451 1305 1490 94.
1435 1452 1524 1487 dam

1377 1509 1520 1544 Cliniae
1545 1508 1740 1545 Tarentini
1770 1508 1806 1543 ei

1436 1566 1727 1610 obtemperantis
1741 1576 1805 1599 ex-

1133 1618 1214 1659 554.
1241 1622 1322 1660 loo.
1436 1622 1607 1667 emplum

1377 1678 1546 1713 Alterum
1567 1676 1738 1714 Phintiae
1766 1683 1805 1713 et

1146 1733 1225 1772 554.
1255 1736 1312 1773 11.
1434 1735 1615 1770 Damonis

1372 1793 1604 1839 Pythagorae
1615 1791 1807 1827 doctrinae

544 1849 599 1884 31.
613 1843 667 1882 14.
681 1866 725 1873 —-
736 1848 794 1883 35.
1099 1848 1178 1886 555.
1188 1846 1352 1887 34.--7o.
1437 1849 1562 1894 capita
1585 1849 1767 1884 nonnulla

599 1903 659 1943 24.
1378 1906 1566 1951 Archytae
1582 1905 1808 1951 Pythagorei

1431 1962 1510 1997 irae
1562 1962 1806 2007 temperantis

593 2016 651 2053 33.
683 2017 738 2055 11.
1434 2019 1650 2064 exemplum

1377 2076 1700 2121 Pythagoreorum
1745 2085 1805 2108 se-

592 2129 651 2166 35.
681 2130 738 2166 25.
1437 2138 1519 2166 ctae
1542 2131 1715 2166 interitus
1733 2143 1804 2176 per

1435 2187 1589 2234 Cylonis
1630 2188 1671 2222 in
1717 2198 1803 2222 eam

1139 2243 1221 2281 556.
1250 2244 1308 2282 71.
1435 2244 1565 2279 odium

1375 2301 1521 2348 Lysidis
1563 2300 1803 2347 Pythagorei,

1432 2357 1711 2404 Epaminondae
1721 2369 1803 2393 ma-

1140 2414 1220 2452 556.
1249 2415 1306 2450 78.
1436 2415 1566 2461 gistri,
1595 2414 1725 2449 virtus.

1375 2471 1584 2516 Historiae,
1652 2482 1802 2505 severae

1431 2528 1629 2562 hominum
1654 2527 1801 2571 iudicis,

1434 2585 1574 2619 utilitas
1586 2583 1710 2630 (epiph
1716 2596 1802 2619 one-

1432 2653 1520 2685 ma,
1564 2647 1608 2675 ut
1642 2641 1801 2684 videtur,

1434 2697 1657 2732 narrationis
1673 2697 1718 2733 de
1731 2700 1801 2744 Py-

1140 2753 1220 2792 556.
1251 2755 1309 2792 86.
1437 2754 1640 2802 thagoreis)
