1968 3346
425 254 482 294 76
583 248 883 293 EXCERPTA
911 248 1198 292 VATICANA
1226 250 1275 295 L.
1298 250 1651 294 xxm-xxx.

539 364 632 404 XII.
661 360 768 404 Ι’Ότι
784 363 871 403 τῶν
890 359 1165 415 Ἠπειρωτῶν
1180 359 1382 417 πρέσβεις
1407 360 1672 432 πεμψάντων
1699 365 1810 434 πρᾷς

432 421 652 463 Φίλιππον
688 418 763 461 καὶ
798 419 1042 487 Φλαμίνιον
1077 420 1318 473 Φλαμίνιος
1353 419 1433 473 μὲν
1471 418 1578 490 ςόετο
1611 423 1703 464 δεῖν
1731 422 1810 465 τόν

428 479 649 520 Φίλιππον
677 474 882 545 ἐκχωρεῖν
911 472 1080 543 ἁπάσης
1116 478 1192 529 τῆς
1216 473 1446 528 Ἑλλάδος,
1490 476 1608 527 ὅπως
1638 476 1809 533 αφρού-

424 550 553 603 ρητος
570 534 597 588 ᾐ
618 532 690 575 καὶ
713 530 982 586 αὐτόνομος,
1014 529 1264 574 ἀποδοῦναι
1288 532 1334 574 δὲ
1355 533 1430 575 καὶ
1452 538 1544 583 τοῖς
1565 546 1808 603 :60:92625021:

394 589 635 659 5δημένοις
656 587 733 639 τὰς
761 588 926 657 βλάβας
949 585 1345 657 εὐδοκιμουμένως.
1389 587 1413 631 6
1444 589 1490 632 δὲ
1521 591 1603 645 ἔφη
1634 593 1726 634 δεῖν
1753 590 1808 635 τὰ

422 647 503 717 μὲν
522 645 640 701 παρὰ
663 648 744 688 τοῦ
764 643 928 699 πατρὸς
951 661 1068 703 αυτῳ
1080 645 1464 713 καταλελειμμένα
1485 648 1706 715 βεβαίως”
1684 664 1808 717 εχειν,
1854 671 1857 674 ·

423 703 506 747 ὅσα
546 702 591 747 δὲ
627 701 830 758 τυγχάνει
872 690 1167 770 προςηγμένος
1217 702 1264 744 ἐκ
1304 700 1475 744 τούτων
1521 702 1686 773 ἐξάγειν
1731 703 1810 755 τὰς

422 761 645 815 φρουράς,
688 759 784 811 περὶ
826 757 872 801 δὲ
908 762 984 813 τῆς
1023 756 1191 813 βλάβης
1229 760 1505 811 κρίνεσθαι.
1521 758 1721 811 εἰπόντος
1761 762 1808 805 δὲ

421 817 533 870 πρὸς
561 820 698 858 ταῦτα
724 816 971 869 Φλαμινίου
1001 815 1059 870 μὴ
1092 816 1264 858 δεῖσθαι
1292 817 1497 868 κρίσεως,
1528 819 1620 860 δεῖν
1651 817 1696 860 δὲ
1730 816 1806 861 αὐ-
1819 826 1865 859 68
1931 867 1935 874 .

365 873 500 927 10v6v
527 873 632 923 τούς
661 871 941 922 πεπονθότας
969 873 1161 922 πείθειν,
1200 872 1275 915 καὶ
1305 871 1419 915 διότι
1448 872 1569 926 παρα
1598 877 1675 944 τῆς
1705 876 1809 928 βου-

420 934 500 985 λῆς
537 928 715 979 έντολας
755 928 860 997 ε’χει
877 926 1039 978 ταύτας
1080 927 1199 979 ὅπως
1248 927 1307 997 μή
1340 928 1472 998 μέρος
1501 934 1576 985 τῆς
1601 929 1809 982 Ελλάδος

421 986 529 1033 ἀλλὰ
568 990 717 1030 πᾶσαν
759 983 896 1040 αὐτὴν
914 986 1214 1055 ελευθερούν,
1254 984 1493 1041 υπολαβών
1532 986 1556 1030 6
1592 990 1808 1039 Φίλιππος

419 1044 511 1087 Καὶ
548 1044 589 1088 τί
617 1041 779 1086 τούτου
809 1040 1055 1098 βαρύτερόν
1085 1053 1193 1110 φησι
1228 1042 1495 1096 προςέταξαν
1533 1042 1589 1086 ἄν
1625 1061 1701 1100 μοι
1731 1061 1808 1089 πο-

419 1100 533 1171 λέμῳ
572 1097 889 1157 xrot7160cvveg3
930 1099 1005 1143 καὶ
1044 1103 1152 1146 ταῦτ
1211 1099 1346 1146 εἰπων
1376 1099 1592 1160 ἐχωρίσθη
1635 1103 1807 1159 διωργι-

364 1157 591 1215 156μένος.

531 1272 646 1312 ΧΙΙΙ.
674 1269 778 1312 “On
809 1267 938 1320 ὄντος
962 1272 1043 1312 τοῦ
1060 1265 1285 1338 Ἀντιόχου
1314 1271 1395 1313 τοῦ
1406 1272 1496 1339 τῆς
1511 1267 1654 1321 Ἀσίας
1683 1273 1806 1326 βασι-

418 1326 525 1379 λέως
554 1328 652 1382 περὶ
687 1326 765 1369 τὸν
794 1330 883 1394 τῆς
895 1327 1168 1381 Λυσιμαχίας
1196 1324 1361 1376 πόλεως
1391 1323 1650 1382 ανοικισμόν
1679 1344 1807 1383 παρε-

416 1384 668 1453 γενήθησαν
698 1400 741 1426 οι
769 1398 888 1438 παρα
921 1384 1170 1435 Φλαμινίου
1210 1383 1423 1438 πρέσβεις.
1465 1384 1729 1438 εἰςαχθέντες
1759 1385 1806 1428 δὲ

418 1444 479 1492 εἰς
514 1440 564 1484 τὸ
596 1439 832 1494 συνέδριον
862 1438 1143 1493 παρεκάλουν
1167 1437 1392 1507 Ἀντίοχον
1437 1439 1679 1509 εκχωρῆσαι
1715 1445 1806 1484 τῶν

358 1496 505 1549 2οὑπό
541 1501 818 1553 Πτολεμαῖον
825 1494 1132 1568 γεγενημένων
1150 1493 1343 1544 πόλεων,
1377 1496 1450 1539 καὶ
1469 1495 1669 1539 καθόλου
1693 1503 1805 1541 θαυ-

416 1555 565 1624 μάζειν
595 1554 765 1623 ε’φασαν
793 1554 834 1596 τί
863 1551 1130 1609 βουλόμενος
1154 1552 1328 1605 πεζικας
1357 1569 1401 1595 τε
1431 1553 1503 1596 καὶ
1532 1554 1806 1609 ναυμαχικάς

416 1611 597 1666 συναγει
620 1609 826 1665 δυνάμεις
856 1611 930 1653 καὶ
957 1610 999 1652 τί
1022 1609 1338 1664 διανοούμενος
1365 1610 1621 1666 διαβέβηκεν
1642 1612 1703 1662 εἰς
1713 1611 1805 1681 τὴν

409 1667 664 1741 Εὐρώπην,
706 1669 743 1710 εί
783 1666 840 1723 μὴ
862 1665 1089 1723 Ρωμαιόις
1128 1665 1400 1721 επιβαλλεται
1438 1671 1651 1722 πολεμεῖν.
1701 1667 1724 1711 ὁ
1757 1667 1804 1711 δὲ

409 1722 630 1780 Ἀντίοχος
658 1730 750 1774 τοῖς
780 1724 1025 1793 εἰρημένοις
1060 1722 1296 1779 ἀντιλέγων
1329 1740 1410 1779 εφη
1441 1723 1682 1778 θαυμάζειν
1711 1728 1805 1775 πῶς

358 1781 617 1838 25Ῥωμαῖοι
641 1789 721 1851 τῆς
738 1779 881 1830 Ἀσίας
912 1778 1246 1823 ἀντιποιοῦνται
1275 1796 1363 1822 των
1386 1779 1497 1822 κατὰ
1520 1797 1601 1835 την
1619 1781 1803 1824 Ἰταλίαν

416 1839 554 1882 αὐτοῦ
570 1856 651 1907 μη
693 1842 1182 1892 πολυπραγμονοῦντος.
1242 1839 1515 1907 Λυσιμαχίαν
1550 1838 1596 1880 δε
1635 1835 1804 1880 ανοικί-

417 1901 504 1950 ζων
534 1893 635 1938 οὔτε
671 1894 887 1948 Ῥωμαῖον
936 1894 1037 1937 οὔτε
1087 1893 1220 1939 ἄλλον
1270 1892 1452 1937 οὐδένα·
1502 1893 1555 1936 τὰ
1602 1894 1649 1937 δὲ
1690 1894 1802 1948 πρὸς

416 1957 693 2010 Πτολεμαῖον
714 1949 847 2002 αὐτὸς
877 1953 1126 2008 φροντίζειν
1153 1950 1270 2003 ὅπως
1298 1952 1509 2009 μηδεμιᾶς
1538 1949 1804 2008 ἄμφιςβητή-

552 2057 610 2093 76.
634 2056 667 2090 5.
704 2052 738 2098 6]
765 2055 889 2110 incipit
914 2056 1046 2089 codicis
1072 2068 1105 2098 p.
1126 2055 1206 2093 212.

551 2104 609 2137 76.
633 2104 667 2137 7.
699 2099 959 2144 προςηγμενος]
985 2099 1215 2145 προηγμένος
1239 2102 1295 2138 ed
1318 2102 1422 2136 Rom.

555 2149 685 2183 76.13
731 2149 839 2191 φησι]
868 2157 981 2190 φησιν
1006 2150 1062 2181 ed.
1088 2149 1114 2179 1³.
1122 2160 1188 2180 om.

551 2195 689 2229 76.17.
724 2192 956 2236 ἀνοικισμὸν]
984 2190 1194 2237 ανῳκισμὸν
1220 2194 1275 2226 ed.
1302 2196 1402 2227 Rom.

551 2242 607 2275 76.
633 2242 689 2274 26.
724 2240 967 2282 Λυσιμαχίαν]
998 2239 1329 2282 Οωιι,1υσίιμαχος
1363 2240 1459 2275 MA!

551 2288 609 2321 76.
633 2287 689 2320 27.
725 2285 811 2320 ουδε
807 2284 874 2329 νἀ]
907 2289 959 2319 Ita
983 2286 1006 2318 ἱι
1000 2300 1020 2319 ιι
1045 2287 1122 2325 cod.
1146 2288 1221 2320 sine
1242 2287 1361 2320 verbo.
1387 2285 1483 2318 MAI.
1498 2307 1509 2327 ,
1544 2283 1603 2329 qui
1628 2284 1715 2318 haec
1738 2286 1797 2319 in·-

459 2340 671 2378 terpretatus
695 2329 870 2379 βλάπτειν
896 2332 1044 2366 addidit.

503 2423 561 2460 76.
587 2423 621 2456 2.
657 2422 732 2459 Liv.
757 2422 908 2457 XXXII.
933 2422 990 2456 10.
1021 2422 1119 2460 MAI.

503 2469 560 2503 76.
586 2469 643 2504 15.
676 2471 770 2514 Lege
794 2469 933 2502 Livium
956 2469 1104 2502 XXXII.
1131 2469 1187 2502 10.
1223 2468 1284 2512 qui
1314 2479 1394 2502 cum
1426 2467 1580 2502 Diodoro
1613 2466 1795 2502 consenfit·

412 2515 518 2549 Aliud
541 2527 624 2548 vero
648 2520 701 2548 cst
723 2515 934 2558 colloquium
954 2515 1044 2548 illud
1061 2515 1219 2559 Philippi
1242 2526 1323 2549 cum
1337 2514 1535 2556 Flaminio,
1560 2513 1651 2556 quod
1674 2513 1796 2548 scribit

412 2561 581 2606 Polybius
603 2561 714 2596 XVII.
740 2562 772 2594 1.
798 2572 871 2603 sqq.
914 2561 1010 2595 MAI.

504 2607 561 2640 76.
586 2607 642 2643 18.
675 2608 776 2640 Haec
806 2606 937 2650 legatio
962 2608 1204 2642 Romanorum
1238 2606 1328 2650 apud
1352 2605 1615 2650 Lysimachiam
1639 2616 1794 2639 comme-

412 2657 570 2690 moratur
592 2664 614 2686 a
636 2653 793 2687 Diodoro
816 2653 851 2685 in
876 2653 1005 2697 eulogis
1029 2654 1081 2686 ed.
1107 2665 1140 2696 p.
1166 2652 1245 2686 619
1282 2653 1380 2686 MAI.

506 2699 563 2734 76.
588 2699 644 2736 ⁸²6.
679 2700 753 2733 τῶν
776 2697 871 2733 κατὰ
896 2698 963 2753 τήν
986 2697 1140 2734 Ἰταλίαν
1164 2697 1286 2734 αὐτον
1307 2697 1358 2742 μὴ
1383 2696 1794 2740 πολυπραγμονοῦντος]

413 2744 587 2779 Diodorus
613 2745 692 2778 XV.
726 2744 783 2778 51.
829 2741 896 2778 οὔτ
954 2744 1061 2780 αὐτοι
1093 2746 1443 2789 πολυπραγμονοῦσι
1484 2744 1558 2778 τῶν
1597 2756 1691 2778 κατα
1724 2741 1795 2785 τὴν

415 2790 634 2835 Λακωνικὴτ
658 2787 741 2826 οὔτ’
778 2790 929 2831 εκείνοις
962 2789 1148 2826 α’πτεσθαι
1177 2790 1336 2845 προςήκε
1340 2803 1375 2825 ιν
1405 2792 1470 2836 τῆς
1501 2789 1694 2829 Βοιωτίας.
1741 2789 1794 2821 Ac

417 2837 497 2870 ΧΧ.
521 2837 578 2871 51.
611 2848 769 2881 quoque,
804 2849 850 2871 ου
871 2835 1263 2891 πολυπραγμονούσης
1287 2851 1322 2873 τι
1345 2837 1420 2874 τῶν
1448 2834 1541 2884 παρ’
1575 2831 1794 2879 ἀνθρώποις

416 2879 550 2927 ὁσίων,
571 2882 660 2920 libet
683 2894 772 2921 unus
791 2882 954 2923 enclitica
974 2888 1080 2924 caret.
