1968 3346
242 171 542 216 EXCERPTA
571 171 643 213 DE
672 170 825 214 VIRT.
853 172 930 215 m*
953 172 1065 216 vlT.
1094 175 1142 217 L.
1163 174 1336 219 XXXV.
1403 180 1488 222 145

94 283 338 357 στρατηγὸν
373 281 479 353 μετά
515 281 766 354 δυνάμεως,
805 282 944 328 αὐτόν
972 299 1017 327 τε
1046 284 1260 342 ἐζώγρησε
1295 287 1369 331 καὶ
1405 287 1486 343 τήν

93 340 189 399 μετ’
222 341 363 385 αὐτοῦ
385 339 575 410 δύναμιν
599 339 741 396 α’ρδην
762 338 942 384 ἀνεῖλεν.
973 339 1296 411 ἐπαναχθέντος
1325 343 1372 387 δὲ
1401 360 1483 388 τιυ

91 399 319 452 Μαρσύου
347 397 458 451 πρὸς
485 395 564 440 τὸν
592 397 794 452 βασιλέα,
825 398 900 442 καὶ
927 395 1106 441 πάντων
1116 400 1485 472 προςδοκώντων
1540 407 1568 450 5

91 457 300 527 τιμωρίας
329 452 466 498 αὐτὸν
493 452 720 504 τεύξεσθαι
739 458 819 524 τῆς
844 456 1078 525 μεγίστης,
1101 451 1316 500 ἀπέλυσεν
1345 456 1484 502 αὐτὸν

90 517 181 556 τῶν
211 509 499 567 ἐγκλημάτων.
549 510 740 564 μετενόει
767 510 861 580 γὰρ
884 510 970 568 ἤδη
1009 527 1083 553 και
1112 516 1206 562 ταῖς
1235 517 1485 584 φιλανθρω

90 571 213 619 πίαις
238 568 417 611 ε’σπευδε
443 565 782 621 διορθώσασθαι
810 567 892 625 τήν
919 570 1009 611 τῶν
1035 565 1177 622 ὄχλων
1205 569 1317 623 πρὸς
1346 569 1486 615 αὐτόν

89 625 405 693 ἀποθηρίωσιν.

191 681 290 724 Ὅτι
297 678 548 751 Ευήμερος
577 678 601 723 ὁ
629 694 719 723 των
751 674 953 733 Πάρθων
989 678 1214 749 βασιλεύς,
1249 678 1482 735 Ὑρκάνιος

91 753 156 783 ων
182 737 233 782 τὸ
259 735 408 807 γένος,
439 734 630 792 ὠμότητι
660 737 705 780 δὲ
732 735 1022 807 ὑπερβάλλων
1051 734 1221 788 πάντας
1249 737 1353 789 τοὺς
1376 756 1480 796 μνη-
1514 750 1567 790 10

87 793 414 865 μονευομένους
454 793 727 847 τυράννους,
776 791 860 836 οὐκ
904 793 1022 836 ἐστιν
1071 791 1231 837 ὁποῖον
1270 798 1482 849 τιμωρίας

86 850 225 921 γένος
240 849 429 894 ἀπέλιπε.
458 848 649 901 πολλοὺς
679 849 726 893 δὲ
754 854 844 893 τῶν
866 850 1167 905 Βαβυλωνίων
1189 851 1263 894 καὶ
1292 851 1362 894 ἐπὶ
1384 858 1480 904 ταῖς

86 906 327 978 τυχούσαις
350 907 505 957 αἰτίαις
525 907 784 957 πανοικίους
802 906 1281 962 ἐξανδραποδισάμενος
1310 910 1370 959 εἰς
1397 907 1480 964 τήν

85 966 288 1020 Μηδίαν
311 963 539 1034 ἐξέπεμψε,
576 961 820 1018 προςτάξας
855 965 1245 1019 λαφυροπωλῆσαι.
1294 965 1368 1008 καὶ
1403 969 1480 1022 τῆς
1512 973 1563 1015 15

85 1023 359 1089 Βαβυλῶνος
393 1020 474 1075 τὴν
513 1018 699 1088 ἀγοράν
722 1021 798 1063 καί
835 1036 935 1062 τινα
972 1023 1061 1062 τῶν
1097 1021 1231 1076 ἱερῶν
1270 1019 1479 1079 ἐνέπρησε

84 1078 164 1122 καὶ
194 1076 243 1120 τὸ
274 1074 510 1130 κράτιστον
536 1081 612 1133 τῆς
642 1074 808 1127 πόλεως
837 1075 1074 1131 διέφθειρε.

188 1132 287 1177 ’Ότι
322 1132 601 1187 Ἀλέξανδρος
640 1131 664 1177 6
705 1136 899 1202 Ζαβινᾶς
928 1132 1198 1189 ἐπικληθείς,
1236 1131 1478 1190 ἀξιολόγων

84 1189 316 1260 ἡγεμόνων
345 1188 631 1234 ἀποστάντων
653 1189 942 1246 Ἀντιπάτρου
970 1190 1045 1233 καὶ
1073 1191 1270 1234 Κλονίου
1297 1192 1371 1235 καὶ
1398 1191 1478 1236 Ἀε-
1506 1195 1563 1244 20

84 1247 254 1303 ρόπου,
291 1247 479 1298 τούτους
492 1247 903 1317 καταλαβομένους
931 1247 1198 1291 Λαοδίκειαν
1237 1247 1480 1318 ἐξεπολιόρ-

82 1316 229 1376 σιησεν.
259 1304 334 1347 καὶ
361 1301 633 1376 χρησάμενος
661 1303 975 1376 μεγαλοψύχως
1005 1301 1157 1355 αὐτοῖς
1183 1301 1371 1349 ἀπέλυσε
1390 1322 1481 1349 των

82 1361 375 1433 ἐγκλημάτων.
415 1367 473 1418 ην
510 1379 594 1417 γαρ
614 1366 777 1433 πρᾷος
805 1361 880 1404 καὶ
919 1361 1299 1416 συγγνωμονικός,
1340 1362 1402 1406 ἔτι
1432 1361 1480 1406 δὲ

83 1417 134 1462 ἐν
161 1424 257 1469 ταῖς
288 1417 475 1488 ὁμιλίαις
505 1419 578 1462 καὶ
609 1418 656 1462 ἐν
684 1424 778 1470 ταῖς
807 1417 1018 1470 ἐντεύξεσι
1046 1417 1279 1476 προςηνής.
1313 1412 1377 1462 ὦν
1404 1417 1481 1476 χά-

83 1491 159 1531 ριν
190 1474 491 1530 διαφερόντως
518 1474 604 1519 υπὸ
635 1479 725 1518 τῶν
754 1478 930 1518 πολλῶν
959 1473 1170 1543 η’γαπατο.
1505 1480 1561 1525 25

186 1532 287 1574 Ὀτι
315 1531 483 1582 Σέξτου
521 1532 602 1587 τὴν
641 1548 731 1574 των
761 1534 974 1574 Γαλατῶν
1016 1529 1148 1575 πόλιν
1189 1528 1365 1583 ἑλόντος
1402 1532 1524 1576 καὶ

16 1587 189 1640 604τούς
217 1587 264 1631 ἐν
294 1587 404 1645 αὐτῆ
432 1592 884 1657 λαφυροπωλοῦντος.
916 1585 1108 1643 Κράτων
1126 1604 1191 1639 τις
1217 1588 1392 1658 ὅνομα,·
1411 1605 1479 1645 γε·

84 1661 228 1715 γονως
265 1645 615 1716 φιλορώμαιος,,
630 1646 703 1688 καὶ
739 1644 813 1688 διά
849 1648 982 1688 τοῦτο
1012 1643 1176 1696 πολλας
1214 1644 1366 1700 ὕβρεις
1403 1663 1479 1689 και

84 1701 311 1772 βασάνους
341 1699 430 1744 ὑπὸ
468 1719 558 1745 των
589 1699 872 1745 ἀποστάντων
901 1705 1094 1744 πολιτῶν
1122 1700 1476 1773 ὑπομεμενηκώς,
1505 1709 1562 1750 30

81 1758 210 1815 η’γετο
255 1758 429 1813 δέσμιος
472 1757 588 1827 μετά
619 1763 708 1801 τῶν
753 1758 897 1802 ἄλλων
940 1756 1236 1813 αἰχμαλώτων.
1284 1758 1391 1802 ἰδὼν
1431 1758 1478 1803 δὲ

78 1817 397 1888 χρηματίζοντα
434 1814 514 1858 τόν
555 1813 748 1863 ὕπατον,
797 1815 872 1858 καὶ
915 1814 1117 1870 δηλώσας
1157 1814 1269 1866 ὅςτις
1296 1831 1365 1884 ην
1403 1817 1478 1859 καὶ

80 1872 150 1916 ότι
183 1872 378 1923 πολλούς
415 1871 490 1914 καὶ
538 1871 749 1922 πολλάκις
786 1870 875 1915 υπὸ
917 1888 1008 1915 των
1046 1875 1239 1916 πολιτων
1279 1870 1478 1923 ὑποστάς

79 1926 346 1979 κινδύνους,
394 1927 533 1982 ώςπερ
573 1927 683 1986 ὑπὲρ
719 1929 947 1984 Ῥωμαίων
999 1927 1363 1983 πολιτευόμενος,
1420 1928 1476 1973 ού

79 1983 224 2041 μόνον
263 1984 394 2036 αὐτὸς
432 1984 534 2040 μεθ’
558 1985 677 2055 ὅλης
705 1989 781 2041 τῆς
811 1987 1063 2054 συγγενείας
1102 1985 1340 2037 ἀπολυθεὶς
1370 1982 1474 2029 ἀπέ-
1503 1988 1559 2033 35

81 2045 190 2111 λαβε
217 2058 298 2098 την
327 2045 502 2097 κτῆσιν,
543 2038 651 2085 ἀλλα
691 2043 763 2086 καὶ
793 2041 866 2085 δια
895 2059 977 2114 την
1007 2044 1067 2094 εἰς
1102 2041 1206 2093 τούς
1231 2040 1475 2097 Ῥωμαίους

81 2097 263 2143 εὔνοιαν
301 2098 504 2150 ἐξουσίαν
544 2099 710 2170 ἔλαβεν
738 2099 1024 2150 ἐννακοσίους
1065 2116 1155 2142 των
1193 2103 1387 2142 πολιτῶν
1427 2100 1475 2143 ἐκ

80 2158 158 2211 τῆς
188 2156 387 2206 δουλείας
411 2155 644 2207 ἐξελέσθαι.
687 2155 710 2199 ὁ
739 2155 822 2211 γὰρ
861 2155 1028 2208 ὕπατος
1066 2155 1475 2226 μεγαλοψυχότερον

80 2216 158 2267 τῆς
186 2214 301 2263 ἰδίας
328 2212 500 2264 ἐλπίδος
528 2211 647 2282 αὐτῷ
675 2212 975 2283 προςηνέχθη,
1017 2211 1104 2268 πρὸ
1142 2212 1389 2268 όφθαλμων
1416 2229 1475 2256 τι-

80 2268 179 2319 θεις
206 2273 297 2319 τοῖς
323 2269 539 2320 Γαλάταις
566 2286 647 2325 την
667 2271 726 2321 εἰς
756 2267 964 2323 ἑκάτερον
985 2269 1118 2325 μέρος
1133 2286 1225 2313 των
1248 2269 1476 2324 Ρωμαίων
1504 2271 1560 2317 40

80 2325 345 2397 νπερβολὴν
361 2327 696 2398 φιλανθρωπίας
724 2327 800 2370 καὶ
828 2328 1049 2395 τιμωρίας.

185 2382 284 2426 Ὀτι
321 2381 345 2426 6
374 2382 652 2437 Ἀλέξανδρος
683 2381 738 2426 ου’
772 2382 993 2426 πιστεύων
1024 2387 1115 2434 τοῖς
1144 2380 1311 2451 ὄχλοις
1328 2380 1402 2426 διά
1430 2398 1475 2426 τε

80 2456 162 2510 την
190 2437 392 2492 ἀπειρίαν
421 2445 511 2483 τῶν
541 2440 588 2484 ἐν
616 2443 679 2499 τῷ
708 2439 882 2495 πολέμῳ
911 2438 1134 2483 κινδύνων
1162 2440 1236 2483 καὶ
1264 2437 1344 2494 τὴν
1366 2439 1503 2492 πρὸς

79 2497 160 2547 τὰς
190 2496 430 2566 μεταβολας
451 2485 662 2552 ὀξύτητα,
693 2496 1028 2564 παρατάξασθαι
1052 2496 1131 2552 μὲν
1153 2494 1235 2539 ούκ
1255 2495 1475 2567 ἐτόλμησε,
1504 2503 1559 2547 45

81 2555 293 2597 διενοεῖτο
326 2553 372 2596 δὲ
403 2554 761 2598 συσκευάσασθαι
791 2552 844 2596 τοὶ
873 2553 1095 2621 βασιλικοὶ
1103 2552 1301 2620 χρήματα
1322 2553 1396 2595 καὶ
1425 2551 1478 2595 τοὶ

80 2614 172 2653 τῶν
200 2613 321 2653 θεων
352 2608 614 2666 ἀναθήματα
648 2613 859 2666 συλῆσαι,
891 2611 965 2653 καὶ
994 2627 1100 2665 μετα
1125 2607 1295 2652 τούτων
1316 2624 1480 2660 νυκτος

81 2665 250 2721 ἀπᾶραι
281 2667 341 2717 εἷς
371 2667 449 2722 τὴν
473 2667 668 2710 Ελλάδα.
711 2670 851 2709 συλᾶν
883 2666 929 2709 δὲ
965 2667 1280 2722 ἐπιβαλόμενος
1320 2665 1393 2708 διά
1422 2682 1480 2709 τι-

83 2739 176 2767 νων
205 2722 448 2780 βαρβάρων
479 2723 528 2768 τὸ
559 2728 640 2767 τοῦ
670 2722 780 2773 Διὸς
812 2722 954 2776 ιερόν,
987 2725 1061 2767 καὶ
1091 2723 1340 2791 φωραθείς
1370 2722 1479 2766 ἐκιν-

85 2779 269 2827 δύνευσε
306 2781 386 2838 μὲν
422 2781 529 2838 μετά
567 2785 644 2840 τῆς
686 2778 913 2837 δυνάμεως
954 2780 999 2826 ἐκ
1038 2779 1185 2882 χειρόΙς
1228 2783 1372 2836 τυχεῖν
1405 2783 1478 2838 τῆς
1507 2784 1560 2826 50

1587 2126 1605 2138 l
