1968 3346
426 229 730 270 EXCERPTA
760 227 952 270 PHoTu
985 228 1255 269 L.XXXV1.
1484 230 1545 270 65

142 338 338 396 στήσατο.
379 339 452 383 καὶ
490 342 654 382 τοῦτον
691 336 772 407 μὲν
801 334 997 388 άνεῖλεν,
1036 334 1171 405 126269
1201 336 1243 380 δ’
1277 339 1337 388 εἰς
1363 338 1461 407 ’τήν
1472 353 1540 381 κε-

142 397 288 454 φαλὴν
316 396 500 451 τρωθεις
527 392 817 449 ἐθεραπεύθη.
848 394 921 436 καὶ
952 392 1177 446 στρατεύει
1205 393 1273 436 ἐπὶ
1301 393 1406 445 τοὺς
1431 393 1541 438 ὐπο-

143 454 427 506 λειπομένους
461 456 551 496 τῶν
589 451 874 500 οἷποστατων,
914 447 1045 500 ὄντας
1087 450 1287 518 μυρίους
1320 449 1400 506 οὐχ
1429 449 1537 494 ὑπο·
1567 458 1623 499 35

145 509 386 579 μεινάντων
415 510 461 553 δὲ
489 508 571 564 τήν
600 508 780 561 ἔφοδον,
811 504 908 549 ἀλλ’
938 507 998 557 εἰς
1037 505 1089 547 τὰ
1119 503 1380 560 ὀχυρώματα
1409 524 1538 552 κατα-

23 576 30 583 ·
69 566 402 637 Ῑ537φυγόντων,
440 562 564 636 ὅμως
603 562 826 613 Ἀκύλλιος
869 559 953 605 οὐκ
990 561 1189 605 ἐνεδίδου
1229 562 1372 605 πάντα
1384 563 1537 634 πράτ-

144 640 258 675 των,
288 622 368 674 ἕως
396 619 559 670 αὐτούς
589 617 933 675 ἐκπολιορκήσας
961 616 1230 686 ἐχειρώσατο.
1262 618 1323 661 ἐτι
1354 616 1396 662 δ’
1426 636 1536 664 υπο-

142 679 422 747 λειπομένων
447 679 619 734 χιλίων,
659 677 734 720 καὶ
773 674 1019 730 στρατηγὸν
1060 673 1249 730 ἐχόντων
1287 674 1366 718 τόν
1394 677 1535 720 Σάτυ-
1565 685 1620 729 40
1685 709 1702 720 Α.

143 753 249 791 ρον,
287 733 335 778 τό
378 734 457 789 μὲν
495 737 671 788 πρῶτον
706 731 936 786 ἐπεβάλετο
970 730 1044 774 διὰ
1080 735 1168 774 τῶν
1198 731 1343 774 ὅπλων
1373 731 1539 786 αὐτούς

141 790 457 863 χειρώσασθαι,
491 807 597 843 μετα
629 790 675 833 δὲ
702 793 841 832 ταῦτα
862 787 1271 844 διαπρεσβευόντων
1299 788 1373 831 καὶ
1399 805 1539 843 παρα-

142 849 310 892 δόντων
350 846 534 897 ἑαυτοὺς
571 850 647 902 τῆς
668 862 765 917 μεν
793 847 1042 899 παραυτίκα
1059 846 1280 914 τιμωρίας
1297 843 1538 914 ἀπέλυσεν,

141 902 383 973 ἆπαγαγων
414 903 460 946 δὲ
491 905 552 954 εἰς
572 903 662 974 τήν
668 900 848 959 Ῥώμην
875 899 1147 971 θηριομάχας
1169 899 1331 952 αὐτους
1350 902 1536 958 ἐποίησε.

141 959 247 1012 τούς
277 960 323 1003 δέ
354 961 473 1028 φασί
493 976 608 1011 τινες
645 957 994 1029 ἐπιφανεστάτην
1021 956 1292 1026 ποιήσασθαι
1321 963 1403 1002 τοῦ
1431 962 1535 1029 βίου
1565 973 1621 1018 45

140 1016 474 1087 καταστροφήν·
515 1021 593 1072 τῆς
632 1032 710 1070 μεν
747 1016 831 1070 γὰρ
870 1014 982 1070 πρὸς
1015 1013 1070 1057 τὰ
1099 1017 1237 1070 θηρία
1265 1014 1404 1071 μάχης
1433 1014 1537 1060 άπο-

142 1077 320 1128 στῆναι,
360 1072 575 1142 ἀλλήλους
613 1071 660 1116 δὲ
703 1071 773 1115 ἐπὶ
820 1075 911 1114 τῶν
945 1072 1173 1140 δημοσίων
1210 1074 1374 1126 βωμῶν
1411 1088 1540 1116 κατα-

71 1163 75 1169 .
142 1129 330 1198 σφάξαι,
378 1130 452 1173 καὶ
490 1128 569 1173 τὸν
610 1132 859 1172 τελευταῖον
898 1126 1035 1170 αὐτὸν
1073 1127 1153 1171 τόν
1192 1127 1407 1182 Σάτυρον
1444 1127 1541 1173 α’νε-

22 1221 35 1247 ,ι
73 1203 75 1206 ’
141 1185 298 1239 λόντα,
341 1191 502 1230 τοῦτον
543 1184 589 1230 6'
629 1186 698 1229 ἐπὶ,
736 1189 870 1228 πᾶσιν
900 1183 1149 1242 αὐτοχειρίᾳ
1179 1183 1382 1239 ἡρωικῶς
1410 1202 1542 1228 κατα-

140 1244 337 1297 στρέψαι.
369 1242 394 1287 ὁ
408 1259 508 1316 ”mv
536 1237 619 1285 οὖν
643 1241 754 1285 κατὰ
779 1243 991 1285 Σικελίαν
1020 1245 1108 1283 τῶν
1129 1241 1310 1285 οἰκετῶν
1337 1240 1540 1315 πόλεμος,
1570 1257 1625 1300 50

140 1301 368 1355 διαμείνας
405 1300 478 1368 ἔτη
519 1299 675 1356 σχεδόν
713 1315 804 1343 που
840 1298 1052 1354 τέτταρα,
1091 1297 1306 1356 τραγικὴν
1337 1299 1430 1356 ἔσχε
1459 1299 1540 1356 τήν

7 1373 12 1389 ²
68 1359 70 1361 ’
138 1355 463 1428 καταστροφήν.

242 1412 341 1456 ’Ότι
372 1411 599 1470 Βαττάκης
627 1429 692 1464 τις
721 1410 866 1482 ὄνομα
892 1415 991 1481 ἡκε,
1031 1412 1190 1469 φησίν,
1221 1411 1269 1456 ἐκ
1300 1414 1538 1457 Πισινοῦν-
1594 1430 1624 1468 2

139 1485 215 1521 τος
258 1473 333 1526 τῆς
380 1472 600 1540 Φρυγίας,
649 1469 789 1524 ἱερεύς
837 1467 1052 1535 ὑπάρχων
1099 1472 1175 1524 τῆς
1213 1469 1400 1525 μεγάλης
1449 1474 1538 1514 τῶν
1568 1485 1624 1527 55

139 1529 261 1570 θεῶν
289 1526 467 1582 μητρός.
501 1529 635 1577 οὑτος
663 1526 774 1569 κατά
806 1526 1061 1580 πρόςταγμα
1090 1529 1166 1582 τῆς
1194 1530 1304 1569 θεοῦ
1334 1532 1538 1581 παρεῖναι

140 1582 287 1638 φήσας
327 1589 418 1634 τοῖς
459 1582 671 1638 ἄρχουσιν
710 1580 880 1636 ἐνέτυχε
920 1583 994 1624 καὶ
1022 1585 1089 1653 τῇ
1121 1582 1370 1652 συγκλήτῳ,
1400 1583 1540 1638 λέγων

139 1639 190 1682 τὸ
231 1637 352 1692 ἱερόν
391 1644 467 1710 τῆς
509 1643 623 1682 θεοῦ
663 1637 922 1709 μεμιάνθαι,
961 1638 1036 1681 καὶ
1076 1640 1170 1681 δεῖν
1206 1637 1318 1710 αὐτῃ
1351 1641 1541 1708 δημοσία

73 1722 75 1730 ·
139 1695 403 1750 καθαρμους
450 1695 518 1738 ἐπὶ
564 1687 640 1750 τῆς
679 1694 853 1750 Ριόμης
899 1699 1249 1763 συντελεσθῆναι.
1300 1695 1454 1751 ἐφόρει
1492 1697 1539 1740 δὲ

139 1751 303 1806 ἐσθῆτα
342 1752 416 1795 καὶ
454 1752 540 1823 τήν
573 1751 670 1806 περὶ
707 1751 758 1794 τὸ
791 1755 916 1805 σῶμα
944 1749 1080 1819 αλλην
1108 1752 1383 1822 κατασκευήν
1411 1752 1536 1808 ἐξηλ-
1566 1771 1623 1811 60

73 1838 75 1842 v
140 1808 360 1864 λαγμένην
398 1825 473 1851 και
514 1807 601 1851 ὑπὸ
642 1823 732 1850 των
764 1793 1001 1876 “Ρωμαίων
1035 1808 1152 1850 ἐθῶν
1190 1806 1274 1851 οὐκ
1303 1808 1538 1864 ἐπιχωρου-

70 1875 75 1897 s·
141 1866 299 1920 μένην·
339 1868 539 1934 χρυσοῦν
578 1880 623 1907 τε
652 1863 737 1919 γὰρ
766 1865 987 1919 στέφανον
1017 1862 1130 1932 εἶχεν
1157 1863 1432 1921 ὑπερμεγέθη
1462 1867 1538 1910 καὶ

6 1923 36 1946 ”·
71 1969 74 1971 Α
140 1921 300 1977 στολὴν
328 1920 517 1976 ἀνθίνην
547 1919 809 1975 διάχρυσον,
853 1919 1088 1976 βασιλικήν
1125 1920 1292 1973 άξίαν’
1276 1925 1538 1976 επιφαίνου-

141 1989 235 2021 σαν.
278 1977 573 2047 ποιησάμενος
612 1978 659 2020 δὲ
707 1976 869 2050 λόγους
909 1977 978 2020 ἐπὶ
1014 1981 1104 2019 τῶν
1145 1978 1346 2033 ἐμβόλων
1387 1979 1436 2022 ἐν
1474 1984 1538 2038 τῷ

139 2033 288 2103 δήμῳ,
326 2035 401 2077 καὶ
437 2034 488 2078 τὸ
525 2037 696 2089 πλῆθος
736 2036 796 2084 είς
828 2034 1176 2104 δεισιδαιμονίαν
1205 2034 1433 2091 ἐμβαλών,
1462 2053 1537 2079 κα·
1566 2051 1623 2093 65

73 2120 76 2124 -
138 2090 383 2145 ταλύματος
417 2090 496 2145 μὲν
526 2093 741 2146 δημοσίου
771 2091 847 2133 καὶ
875 2092 1029 2140 ξενίων
1057 2088 1245 2146 ἠξιώθη,
1276 2094 1353 2134 τόν
1383 2093 1429 2136 δὲ
1450 2093 1538 2136 στέ-

140 2163 288 2200 φανον
328 2147 528 2214 ἐκωλύθη
570 2152 728 2217 φορεῖν
763 2145 840 2217 ὑφ’
871 2145 966 2197 ενός
995 2149 1085 2189 τῶν
1123 2148 1358 2203 δημάρχων
1385 2148 1540 2193 Αὔλου

141 2205 390 2272 Πομπηίου.
430 2203 502 2247 διά
531 2219 652 2253 τινος
681 2202 726 2245 δ’
756 2203 906 2257 ἑτέρου
919 2202 1165 2272 δημάρχου
1204 2207 1441 2260 προαχθεὶς
1472 2207 1540 2250 ἐπὶ

138 2259 193 2303 τὰ
233 2260 417 2330 ἔμβολα,
457 2260 532 2303 καὶ
557 2260 658 2313 περὶ
686 2263 761 2315 τῆς
800 2262 858 2310 εἰς
883 2258 932 2303 τὸ
964 2259 1083 2313 ἱερὸν
1113 2257 1287 2314 ἁγνείας
1317 2262 1538 2317 ἐπερωτώ-
1567 2280 1623 2319 70

141 2327 291 2371 μενος,
332 2315 584 2371 ἀποκρίσεις
624 2318 810 2360 ἐποιεῖτο
857 2318 1204 2370 δεισιδαιμονίαν
1239 2319 1537 2390 περιεχούσας.

140 2374 529 2424 καταστασιασθεὶς
559 2373 606 2416 δὲ
635 2371 721 2416 ὑπὸ
751 2376 833 2415 τοῦ
859 2375 1120 2443 Πομπηιου,
1140 2374 1214 2417 καὶ
1238 2374 1341 2428 μεθ’
1371 2376 1543 2432 ὕβρεως

142 2427 403 2498 ἀπαλλαγεὶς
451 2429 521 2472 ἐπὶ
567 2428 650 2499 τήν
702 2428 965 2479 κατάλυσιν,
1017 2428 1164 2472 οὐκέτι
1201 2433 1540 2487 προεπορεύετο,

140 2485 280 2540 λέγων
309 2485 365 2542 μὴ
394 2485 534 2542 μόνον
563 2485 721 2530 ἑαυτὸν
750 2483 919 2543 ἀσεβῶς
955 2490 1392 2544 προπεπηλακίσθαι,
1431 2488 1540 2533 ἄλλα

234 2608 316 2645 537.
341 2609 397 2644 38.
423 2608 714 2654 ἓκπολιορκησας
737 2611 788 2655 Α,
813 2611 942 2647 caeteri
965 2608 1216 2655 ἕκπολεμήσας
1374 2612 1432 2648 40,
1457 2612 1538 2648 ἔπε’

140 2654 272 2701 βάλετο
297 2657 349 2696 Α,
382 2658 509 2691 caeteri
525 2655 752 2713 ἐπεβάλλετο
913 2657 970 2692 44.
997 2656 1250 2702 θηριομάχας]
1275 2659 1539 2702 θηριομάχους

141 2703 175 2737 Β
327 2682 384 2736 4'5.
410 2704 476 2746 τῆς
495 2716 563 2745 μεν
586 2705 641 2744 B,
664 2704 793 2737 caeteri
818 2705 883 2747 τῆς
1033 2704 1089 2738 54.
1117 2706 1402 2785 Πισινοῦντοςῦ]1
1412 2707 1539 2740 Πισσι-

142 2749 300 2789 νοῦντος
323 2749 354 2782 Β
482 2749 539 2783 58.
562 2747 658 2795 αὐτῆ
683 2751 764 2784 Wes
751 2749 955 2795 aselingius:
977 2749 1062 2783 libri
1087 2747 1229 2790 αὐτους
1439 2750 1544 2786 ἐθῶν

142 2793 324 2839 Scaliger.
349 2793 431 2828 libri
457 2792 581 2830 ἐθνῶν
723 2793 1023 2842 ἐπιχωρουμένην
1043 2796 1126 2829 Rois
1131 2797 1227 2829 kius:
1252 2796 1335 2830 libri
1359 2795 1543 2842 ἐπιχωρη-

143 2852 208 2884 μετ
212 2854 259 2887 ην
397 2841 456 2875 69.
481 2842 531 2883 εἰς
554 2853 623 2876 om.
647 2841 678 2877 A
700 2843 812 2877 Amet.
961 2842 1022 2877 71.
1045 2837 1121 2878 υπὸ
1146 2854 1212 2878 του
1238 2844 1290 2884 Α,
1314 2844 1445 2880 caetexi
1466 2843 1542 2880 vno*

1232 2892 1262 2931 5
