1968 3346
418 171 505 214 126
571 170 873 215 EXGERPTA
900 171 983 214 DE'
1003 170 1155 214 VIRT.
1183 171 1266 213 ET
1280 170 1418 215 <V1'1'
1433 174 1484 217 L.
1512 174 1664 219 XXXI.

328 285 386 331 95
415 280 606 338 ἀνδράσι
633 281 741 326 καθ’
773 282 883 340 ὅλην
906 282 991 340 τήν
1024 282 1155 327 πόλιν
1189 282 1459 355 περιβόητος
1482 279 1542 354 ἦν
1567 285 1597 341 ἡ
1625 287 1803 343 χρηστό·

413 355 490 408 της
519 339 593 382 καὶ
621 342 921 410 μεγαλοψυχία
947 344 1031 385 τοῦ
1059 341 1294 383 νεανίσκου
1314 341 1388 383 καὶ
1409 357 1458 384 το
1479 340 1672 386 σύνολον
1692 345 1805 399 πρὸς

412 396 518 465 τὴν
521 400 739 439 τεκοῦσαν
770 395 954 469 ὁσιότης
997 401 1131 440 τοῦτο
1162 396 1208 440 δὲ
1234 395 1349 440 κατὰ
1375 401 1524 441 πᾶσαν
1552 398 1682 442 πόλιν
1710 403 1804 454 2296-

342 466 347 472 ’
410 449 518 494 νοντ’
555 451 611 496 ἄν
650 452 789 496 καλὸν
824 454 899 497 καὶ
936 451 1220 524 θαυμαστόν,
1263 451 1451 507 μάλιστα
1481 455 1529 498 δὲ
1557 456 1679 510 παρὰ
1703 455 1803 500 ‘P-co

299 512 384 551 100
412 510 584 578 μαίοις,
626 507 725 581 παρ’
759 506 825 560 οἷς
856 507 1000 560 οὐδεὶς
1030 507 1181 552 οὐδενὶ
1216 510 1367 553 δίδωσι
1396 514 1486 554 τῶν
1514 509 1805 568 ὑπαρχόντων

409 563 597 633 εὐχερῶς
625 566 740 609 ἑκων
769 565 916 609 οὐδέν.
950 565 1057 620 μετά
1087 565 1133 608 δὲ
1161 569 1300 609 ταῦτα
1327 572 1436 639 ταῖς,
1440 571 1693 639 Σκιπίωνος
1721 574 1802 613 τοῦ

407 620 602 676 μεγάλου
647 621 897 691 θυγατράσι
941 623 1356 692 προςοφειλομένων
1399 625 1459 674 εἰς
1501 624 1582 680 τήν
1631 626 1806 697 φέρνην

407 682 587 721 πολλῶν
624 678 879 751 χρημάτων,
913 680 986 722 καὶ
1014 682 1105 722 τῶν
1139 676 1367 749 Ῥωμαίων
1404 679 1585 724 πάντων
1613 683 1802 751 εἰθισμέ

409 750 502 778 νων
524 735 573 779 ἐν
603 738 749 790 τρισὶν
775 736 888 778 έτεσι
917 734 1028 779 κατὰ
1058 733 1192 790 μέρος
1221 734 1486 781 ἀποδιδόναι
1513 738 1591 788 τὰς
1620 737 1807 793 φέρνας,

352 790 380 833 5
412 793 546 843 οὖτος
577 791 743 843 εὐθέως
774 790 944 843 ἁπάσας
975 790 1204 835 ἀπέλυσεν.
1256 792 1352 848 ἑξῆς
1382 793 1430 836 δὲ
1456 794 1803 865 μεταλλάξαντος

410 849 618 903 Αἰμιλίου
647 854 727 892 τοῦ
757 849 867 892 κατὰ
897 847 1036 904 φύσιν
1064 845 1250 903 πατρός,
1281 851 1356 892 καὶ
1384 866 1528 907 τουτῳ
1560 867 1605 894 τε
1635 868 1710 895 και
1738 869 1800 921 τῳ

417 907 573 974 Φαβίῳ
616 911 709 956 τοῖς
751 908 950 949 δοθεῖσιν
996 907 1056 956 εἰς
1096 907 1329 948 υἱοθεσίαν
1373 896 1673 959 ἀπολιπόντος
1719 907 1801 964 τὴν

411 960 585 1014 οὐσίαν,
606 962 818 1032 ἐποίησεν
848 960 871 1005 ὁ
903 964 1102 1005 Σκιπίων
1131 961 1268 1005 καλόν
1295 979 1337 1005 τι
1365 963 1440 1005 καὶ
1466 963 1635 1033 μνήμης
1661 963 1800 1017 ἄξιον.

413 1015 532 1073 ὁρῶν
559 1018 644 1074 γάρ
674 1019 753 1062 τὸν
785 1016 979 1074 ἀδελφὸν
1019 1019 1179 1062 ἑαυτοῦ
1208 1019 1589 1088 καταδεέστερον’
1572 1021 1679 1064 όντα
1707 1027 1801 1074 τοῖς

325 1078 380 1117 10
411 1074 641 1131 χρημασιν,
673 1076 990 1146 έπεχορήγησεν
1020 1073 1138 1133 αὐτῷ
1167 1074 1248 1131 τήν
1277 1077 1395 1129 ἰδίαν
1422 1079 1580 1131 μερίδα
1607 1081 1683 1133 τῆς
1700 1083 1800 1134 κλη-

411 1133 644 1188 ρονομίας,
688 1132 825 1203 οὔσης
859 1133 968 1204 νπὲρ
1010 1121 1219 1189 ἑξήκοντα
1247 1131 1438 1175 τάλαντα
1465 1137 1542 1189 τῆς
1571 1134 1797 1204 τιμήσεως,

408 1189 484 1231 καὶ
534 1193 698 1232 τοῦτον
745 1190 825 1233 τὸν
881 1191 1051 1244 τρόπον
1101 1190 1305 1258 ἐποίησεν
1353 1190 1457 1244 ἴσην
1499 1190 1641 1249 ἑαυτῷ
1687 1191 1800 1247 πρὸς

408 1245 490 1288 τόν
520 1243 718 1313 ἀδέλφου
745 1245 954 1316 γενέσθαι
991 1262 1079 1314 την
1102 1245 1209 1301 ὅλην
1238 1244 1455 1300 ὕπαρξιν.
1501 1236 1722 1315 ἀποδοχῆς
1751 1248 1801 1291 δὲ

406 1300 637 1356 τυγχάνων
676 1303 751 1346 καὶ
782 1302 930 1372 φήμης
965 1301 1085 1357 παρὰ
1113 1314 1220 1346 πασι
1247 1301 1617 1375 θαυμασιώτερόν
1644 1320 1688 1348 τι
1717 1306 1799 1349 διε-

323 1357 376 1400 15
406 1358 618 1428 πράξατο.
661 1364 743 1417 τοῦ
783 1360 869 1415 γὰρ
901 1358 1095 1415 ἀδελφοῦ
1127 1361 1302 1429 Φαβίου
1331 1363 1617 1430 μονομαχίας
1632 1363 1797 1416 βουλο-

406 1415 543 1471 μένου
572 1421 716 1459 ποιεῖν
746 1416 814 1459 ἐπὶ
854 1420 914 1473 τῷ
944 1418 1099 1470 πατρί,
1143 1416 1201 1472 μὴ
1232 1417 1484 1484 δυναμένου
1513 1417 1559 1460 δὲ
1587 1415 1800 1470 υποδέξα-

404 1478 513 1515 σθαι
541 1473 621 1529 τὴν
661 1471 864 1541 δαπάνην
889 1462 975 1516 διὰ
1013 1472 1063 1515 τό
1101 1477 1273 1529 πλῆθος
1309 1490 1399 1516 των
1443 1471 1800 1545 ἀναλισκομένων

405 1530 467 1580 εἰς
494 1534 633 1573 ταῦτα
662 1528 909 1599 χρημάτων,
937 1528 1017 1586 τήν
1043 1528 1247 1598 ἡμίσειαν
1265 1533 1356 1572 τῶν
1376 1527 1676 1599 ἀναλωμάτων
1696 1530 1799 1575 ε’δω-

318 1592 375 1632 20
404 1603 481 1630 κεν
510 1586 558 1629 ἐκ
587 1604 678 1656 της
701 1588 814 1637 ἰδίας
846 1586 1016 1636 ου’σίας.
1074 1584 1391 1641 ἀποθανούσης
1432 1585 1478 1629 δὲ
1516 1591 1591 1641 τῆς
1634 1587 1798 1642 μητρὸς

402 1648 620 1687 τοσοῦτον
650 1642 807 1699 ἀπέσχε
835 1647 917 1686 τοῦ
955 1643 1227 1697 κομίσασθαί
1262 1659 1305 1685 τι
1335 1647 1426 1685 τῶν
1464 1642 1685 1713 πρότερον
1714 1646 1797 1688 δω-

402 1700 630 1769 ρηθέντων
661 1700 766 1750 ω’ςτε
794 1700 869 1743 καὶ
897 1704 1036 1742 ταῦτα
1065 1699 1138 1742 καὶ
1179 1716 1260 1768 την
1301 1698 1438 1755 α’λλην
1469 1698 1628 1743 οὐσίαν
1667 1711 1797 1770 6,va—

402 1755 601 1827 χώρησεν
642 1757 754 1812 ε’χειν
794 1762 888 1806 ταῖς
927 1753 1163 1811 ἀδελφαῖς,
1204 1773 1266 1827 ⁰,v
1295 1755 1599 1827 προςηκούσης
1641 1754 1797 1809 αυταῖς

401 1813 513 1857 κατὰ
548 1813 689 1868 νόμον
727 1830 805 1869 της
844 1815 1154 1881 κληρονομίας.
1203 1810 1271 1855 ἀεὶ
1303 1812 1348 1855 δὲ
1377 1813 1452 1855 καὶ
1479 1816 1646 1883 μᾶλλόν
1677 1816 1795 1868 περί-

317 1872 375 1914 25
405 1874 589 1939 βλεπτος
619 1870 787 1926 ἐγένετο
817 1869 929 1913 κατοὶ
938 1868 1039 1938 τὴν
1063 1867 1209 1920 πόλιν,
1243 1866 1566 1925 ἀναντίρρητον
1594 1868 1795 1925 ἀπολαμ-

401 1927 552 1984 βανων
581 1928 764 1970 ἔπαινον
792 1923 1082 1994 χρηστότητος
1111 1925 1184 1968 καὶ
1213 1928 1558 1998 μεγαλοψυχίας,
1600 1926 1682 1982 οὐχ
1711 1926 1795 1971 οὕ-

400 2001 462 2028 τω
492 1988 554 2042 τῷ
584 1983 742 2053 πλήθει
781 1988 870 2027 τῶν
907 1981 1140 2038 χρημάτων
1180 1982 1229 2025 τὸ
1261 1984 1552 2038 προκείμενον
1580 1999 1793 2040 κατεργα*

403 2029 591 2111 σάμενος
621 2058 680 2092 ως
706 2044 769 2096 τῷ
804 2044 946 2095 καιρῷ
976 2043 1051 2095 τῆς
1091 2041 1256 2092 δωρεᾶς
1290 2039 1363 2082 καὶ
1392 2043 1454 2108 τῷ
1481 2044 1687 2097 χειρισμῷ
1715 2044 1794 2096 τῆς

401 2097 665 2153 προθέσεως.
710 2113 791 2167 την
822 2098 868 2140 δὲ
899 2095 1197 2151 σωφροσύνην
1226 2084 1560 2165 περιεποιήσατο
1593 2097 1793 2154 δαπανη-

316 2156 373 2196 30
403 2167 483 2206 σας
512 2155 591 2210 μὲν
626 2151 778 2205 οὐδέν,
820 2158 910 2196 τῶν
940 2154 986 2196 δὲ
1015 2153 1260 2207 ἐπιθυμιων
1290 2150 1599 2225 ἀποσχόμενος
1615 2168 1802 2209 προςω-.

403 2214 580 2283 φελήθη
609 2227 689 2266 την
717 2227 762 2254 τε
781 2210 1045 2279 σωματικὴν
1073 2209 1243 2264 ὑγίειαν
1272 2209 1347 2252 καὶ
1373 2226 1455 2266 την
1485 2206 1668 2261 εὐεξίαν,
1697 2211 1794 2280 ἥτις

403 2268 523 2341 αὐτῷ
561 2267 706 2311 πάντα
743 2266 823 2310 τὸν
860 2268 961 2322 βίον
1001 2267 1394 2335 συμπαραμείνασα
1432 2266 1568 2317 καλὰς
1604 2264 1795 2337 ἀμοιβάς

402 2327 475 2369 καὶ
496 2316 683 2381 χάριτας
714 2322 922 2367 ἀπέδωκε
955 2327 1034 2366 τοῦ
1066 2322 1111 2366 δε
1134 2322 1247 2366 κατά
1276 2321 1357 2377 τὴν
1386 2321 1593 2394 ἀνδρείαν
1614 2323 1792 2379 μέρους,

315 2378 371 2421 35
403 2383 510 2436 ὅπερ
552 2382 667 2425 ἐστὶν
704 2378 1055 2434 ἀναγκαιότατον
1093 2378 1214 2434 παρὰ
1251 2382 1358 2421 πᾶσι
1387 2378 1487 2448 μέν,
1527 2377 1713 2435 μάλιστα
1744 2381 1791 2424 δὲ

394 2438 638 2508 Ῥωμαίοις,
674 2436 902 2492 ἐξεπόνησε
930 2437 1004 2480 καὶ
1033 2440 1165 2480 τοῦτο
1195 2439 1414 2504 περιττῶς,
1447 2434 1656 2505 ἀφορμὴν
1686 2435 1792 2480 δού-

402 2509 479 2552 σης
510 2494 629 2552 αὐτῳ
659 2493 849 2563 μεγάλην
879 2497 956 2549 τῆς
985 2491 1131 2549 τύχης
1162 2509 1252 2535 των
1279 2491 1362 2547 γάρ
1394 2492 1504 2535 κατοὲ
1531 2493 1615 2561 τήν
1643 2497 1790 2537 Μακε-

401 2553 556 2596 δονίαν
584 2540 799 2620 βασιλέων
821 2553 1033 2620 πλείστην
1047 2549 1351 2606 πεποιημένων
1373 2548 1573 2606 σπουδήν
1593 2551 1692 2606 περὶ
1713 2549 1790 2602 τὰς

398 2610 680 2666 κυνηγεσίας,
710 2606 875 2659 πάντας
902 2605 1150 2664 ὑπερέβαλε.

493 2722 574 2757 587.
597 2721 654 2755 12.
677 2717 771 2765 πρὸς
793 2719 878 2753 Rei
867 2719 979 2760 kius,
1002 2717 1071 2762 τήν
1094 2717 1190 2765 πρός
1209 2719 1243 2752 V
1348 2718 1406 2752 20.
1432 2714 1587 2774 ἀπέσχε]
1615 2716 1787 2775 ἀπέσχετο

400 2770 435 2802 V
459 2772 492 2802 et
514 2768 682 2812 Polybnus
782 2766 838 2799 26.
867 2763 987 2805 οὕτως
1010 2767 1041 2799 V
1153 2767 1210 2800 33.
1235 2764 1307 2799 τοῦ
1330 2763 1370 2798 δε
1395 2764 1490 2799 και-ἀ
1515 2762 1579 2809 τήν
1608 2763 1787 2814 ἀνδρείαν

400 2815 560 2863 μέρους]
585 2814 720 2850 λοιποῦ
744 2810 779 2849 δ’
808 2809 918 2856 ὄντος
942 2814 1012 2849 τοῦ
1038 2809 1133 2849 nocto}
1154 2810 1223 2859 τήν
1248 2807 1425 2859 ἀνδρείαν
1449 2812 1620 2858 Polybius

1922 3183 1929 3207 -:.
1922 3171 1923 3175 Α
1922 3112 1930 3165 :ss
1923 3070 1931 3102 ἠή-
1923 2953 1932 3048 *zzz
