1968 3346
340 255 640 298 EXCERPTA
667 244 954 297 VATwANA
984 254 1032 296 1..
1054 252 1268 298 xxxvn.
1275 255 1428 297 -xu
1494 256 1580 301 139

189 364 440 417 ἀνατάσεως
477 363 708 421 ἀποφῆναι
745 382 814 410 οτι
859 366 988 410 παντὶ
1036 366 1184 412 σθένει
1221 365 1379 424 διαβάς
1419 366 1466 410 ἐκ
1503 373 1581 440 τῆς

195 426 397 474 Σικελίας
427 423 660 476 ἐξαρπάσει
692 421 771 466 ’τὸν
799 423 982 476 Μάριον
1021 425 1068 468 ἐκ
1106 428 1188 468 τοῦ
1220 428 1511 479 Πραινεστοῦ.
1553 423 1580 468 6

192 481 239 525 δε
259 479 342 525 οὐκ
364 481 531 551 ἔφθασε
560 484 844 534 προςπεσεῖν,
875 480 1033 524 ἐπείτοι
1053 497 1100 537 γε
1127 481 1254 552 χάριν
1274 486 1350 538 τῆς
1368 485 1459 524 τῶν
1479 483 1582 524 διω-

188 537 361 582 κόντων
402 534 626 607 ὠμότητος
664 537 738 581 καὶ
782 535 893 608 πρὸς
930 536 1082 588 αὐτοῖς
1122 538 1303 590 ἀδύτοις
1339 554 1581 594 μιαιφονη-

189 595 284 646 ,θεὶς
313 590 551 646 ἀπέσβεσεν
588 593 646 636 ἂν
686 597 747 665 τῷ
786 595 934 667 αἵματι
971 594 1021 638 τό
1055 593 1280 655 ἀκοιμήτῳ
1318 598 1577 652 δεισιδαιμο·
1610 598 1637 642 5

189 652 287 709 νίᾳ
281 649 568 712 τηρούμενον
598 653 689 705 πῦρ
719 650 763 702 ἐξ
795 653 971 702 αἰῶνος.

291 717 391 761 Ι’Ότι
428 721 517 761 τῶν
556 716 742 788 ἀγαθῶν
775 717 951 773 ἀνδρῶν
989 719 1168 770 ἔπαινος
1194 718 1269 762 καὶ
1299 720 1347 762 αῖ
1383 721 1475 762 τῶν
1503 734 1582 762 πο-

187 766 340 833 νηρῶν
369 777 643 848 βλασφημίαι
673 773 861 831 μάλιστα
891 774 1105 822 δύνανται
1132 777 1246 832 πρὸς
1269 775 1322 819 τά
1350 773 1461 819 καλοὶ
1491 792 1583 819 των

187 834 328 890 ἔργων
357 837 449 883 τοῖς
478 831 736 887 ἀνθρώποις
763 838 1057 889 χειραγωγεῖν.

302 900 467 955 ἀνδρας
496 900 779 970 δυναμένους
791 899 1121 955 βουλεύσασθαι
1144 902 1287 960 καλῶς
1308 887 1383 943 καί
1406 897 1462 944 τὰ
1489 915 1580 954 κρι-
1565 908 1638 949 -10

186 959 324 1003 θέντα
354 957 533 1014 ἀγαγεῖν
562 959 622 1009 εἰς
651 956 915 1001 συντέλειαν.

302 1035 580 1080 XV11.‘'0n
616 1035 640 1079 6
671 1034 939 1089 Σπάρτακος
967 1035 992 1080 6
1023 1035 1252 1107 βάρβαρος
1282 1002 1582 1107 εὐεργετηθεὶς

188 1093 310 1148 παρά
333 1109 453 1143 τινος
482 1090 736 1147 εὐχάριστος
764 1091 908 1148 ἐφάνη
936 1093 1048 1147 πρὸς
1074 1092 1234 1137 αὐτόν·
1266 1093 1582 1143 αὐτοδίδακτος

186 1149 273 1221 γὰρ
312 1149 387 1193 καὶ
429 1148 561 1220 παροὶ
589 1154 682 1200 τοῖς
724 1149 967 1206 βαρβάροις
997 1148 1023 1207 ἡ
1065 1150 1200 1207 φύσις
1240 1150 1350 1206 πρὸς
1390 1149 1581 1213 ἀμοιβὴν

185 1206 366 1264 χάριτος
392 1211 484 1255 τοῖς
515 1203 770 1260 εὐεργέταις.
1586 1214 1638 1254 15

290 1273 390 1316 Ὀτι
419 1271 446 1329 ἡ
477 1271 550 1315 διά
569 1276 661 1315 τῶν
691 1272 959 1343 ὅπλωννίκη
989 1273 1147 1330 κοινὴν
1164 1274 1247 1329 ἔχει
1279 1279 1371 1325 τοῖς
1398 1272 1583 1330 ηγεμόσι

188 1331 262 1376 καὶ
284 1335 378 1381 τοῖς
396 1328 681 1399 στρατιώταις
708 1346 790 1400 την
820 1327 1081 1399 εὐημερίαν,
1110 1331 1164 1373 τὰ
1185 1330 1231 1373 δὲ
1262 1331 1336 1374 δια
1358 1334 1435 1388 τῆς
1457 1342 1583 1386 στρα-

187 1391 366 1444 τηγικῆς
393 1384 624 1437 συνέσεως
627 1385 838 1442 γινόμενα
856 1386 1186 1481 κατορθώματα
1201 1386 1325 1449 μόνῳ
1343 1387 1584 1472 προςάπτε·

187 1460 260 1489 ται
279 1448 350 1501 τῷ
379 1441 578 1500 ἡγεμόνι.

121 1533 190 1570 123
303 1509 598 1581 ἀκατάσχετος
634 1508 721 1570 γάρ
760 1525 827 1561 τις
855 1507 974 1581 ὁρμη
1012 1516 1106 1563 τοῖς
1133 1510 1380 1570 βαρβάροις
1409 1510 1642 1559 ενὲπεσεΞΟ

189 1571 270 1626 τῆς
295 1567 406 1624 πρὸς
434 1567 540 1619 τούς
563 1568 809 1625 Ρωμαίους
840 1565 1131 1620 ἀποστάσεως.

279 1633 386 1680 ‘'On
415 1652 476 1687 ως
504 1636 663 1679 ἐπίπαν
692 1637 741 1679 αἱ
766 1639 857 1679 τῶν
887 1634 1033 1679 ἀλλων
1062 1636 1291 1706 συμφοραι
1312 1638 1585 1681 νουθετοῦσι

187 1691 293 1744 τούς
321 1691 371 1736 ἐν
400 1698 491 1743 τοῖς
522 1691 694 1749 ὁμοίοις
723 1692 951 1744 κινδύνοις
979 1693 1275 1750 ὑπάρχοντας.

302 1785 455 1825 XVIII.
488 1781 588 1826 “On
617 1783 716 1838 περὶ
746 1782 990 1853 Δαμασκὸν
1026 1786 1103 1839 τῆς
1131 1783 1305 1836 Συρίας
1337 1784 1585 1838 διατρίβον-

187 1856 264 1890 τος
283 1841 525 1894 Πομπηίου
548 1842 627 1897 ἧκε
656 1840 770 1894 πρὸς
801 1838 938 1882 αὐτὸν
942 1839 1288 1911 Ἀριστόβουλος
1318 1839 1341 1883 6
1372 1843 1461 1882 τῶν
1479 1839 1582 1883 Ἰου-
1585 1841 1640 1886 25

188 1898 329 1961 δαίων
360 1895 567 1970 βασιλεὺς
594 1897 670 1971 καὶ
690 1896 901 1952 Ὑρκανὸς
932 1894 956 1940 ὁ
986 1896 1179 1953 ἀδελφὸς
1208 1895 1585 1953 ἀμφιςβητοῦντες

330 2024 407 2058 139.
433 2023 467 2058 3.
503 2020 664 2066 ἕφθασεῖ
689 2020 857 2067 ἔφθασεν
881 2023 938 2056 ed.
964 2023 1065 2056 Rom.

332 2071 411 2105 139.
436 2070 469 2103 5.
502 2068 557 2112 τὸ]
586 2070 672 2102 Cod.
697 2071 762 2115 τῷ.
798 2071 895 2102 ΜΛΙ.
934 2070 1020 2102 Mox
1042 2067 1334 2115 δεισιδαιμονείᾳ
1358 2068 1415 2104 ed.
1434 2069 1536 2103 Rom·

331 2117 410 2150 139.
437 2116 471 2150 7.
506 2114 597 2157 τῶν]
623 2116 740 2149 malim
766 2111 785 2150 6
811 2114 897 2150 τῶν.

330 2163 409 2196 139.
433 2163 491 2196 20.
522 2160 743 2207 βαρβάροις]
768 2162 894 2205 incipit
918 2161 1052 2195 codicis
1076 2174 1112 2206 p.
1128 2160 1212 2196 259.

331 2209 410 2244 139.
431 2206 489 2242 24.
522 2207 697 2283 Συρίας]
707 2209 793 2243 Cod.
823 2207 975 2252 Τυρίας.
1009 2209 1107 2243 MAI.

282 2330 363 2365 139.
387 2330 421 2365 6.
462 2331 604 2376 Ergone
638 2331 792 2366 extincto
826 2331 963 2366 iuniore
992 2331 1111 2366 Mario
1143 2331 1282 2365 videtur
1312 2332 1452 2365 Romae
1488 2330 1584 2365 accl-

190 2376 282 2411 disse
304 2376 504 2421 prodigium
528 2378 670 2412 extincti
693 2377 786 2423 ignis
810 2380 903 2423 apud
919 2378 1103 2412 Vestales?
1135 2378 1188 2411 Ad
1205 2378 1351 2411 Diodori
1371 2377 1585 2411 locutionem

191 2424 284 2468 quod
307 2423 461 2465 adtinet,
486 2424 695 2457 conferenda
719 2428 771 2458 est
793 2436 857 2468 par
878 2424 1054 2459 Ciceronis
1077 2424 1186 2457 dictio
1211 2435 1276 2468 pro
1294 2424 1440 2457 Fonteio
1462 2423 1585 2457 XVII:

192 2481 234 2503 ue
257 2470 316 2503 ille
344 2469 439 2514 ignis
467 2474 629 2503 aeternus
651 2472 825 2505 nocturnis
851 2471 1014 2505 Fonteiae
1039 2471 1214 2504 laboribus
1240 2471 1439 2515 vIgiliisque
1462 2479 1584 2503 servm-

192 2521 269 2559 ιιιε,
302 2516 491 2549 sacerdotis
518 2520 655 2549 vestrae
688 2517 848 2560 lacrymis
878 2518 1046 2550 euinctus
1078 2527 1152 2550 esse
1179 2517 1327 2551 dicatur.
1365 2515 1462 2549 MAI.

284 2560 446 2595 139.13.
477 2560 636 2595 Addatur
667 2562 755 2595 haec
780 2562 944 2607 Spartaci
967 2564 1044 2596 laus
1067 2561 1159 2596 inter
1182 2563 1312 2595 multas
1335 2573 1423 2605 quas
1445 2561 1489 2595 de
1511 2561 1584 2595 hoe

191 2607 388 2654 gladiatore
411 2612 445 2640 et
468 2618 549 2640 mox
573 2607 801 2642 celeberrimo
824 2609 912 2642 duce
933 2608 1135 2653 praedicant
1158 2607 1329 2641 historici.
1367 2607 1466 2641 MAI.

284 2651 447 2687 139.15.
483 2651 579 2686 Dixit
603 2653 726 2687 hanes
712 2654 920 2689 atentiam
937 2655 1112 2689 Diodorus
1133 2654 1240 2689 etiam
1264 2655 1308 2688 de
1330 2653 1442 2688 servis
1463 2651 1584 2688 siculis

191 2712 226 2745 p.
249 2699 329 2733 101.
356 2698 391 2732 in
416 2710 551 2742 excerp.
577 2702 646 2733 vat.
684 2700 784 2735 MAI.

285 2744 447 2780 139.1‘›.
489 2745 594 2778 Haud
627 2744 701 2779 scio
727 2756 770 2780 an
806 2745 840 2780 id
865 2758 1002 2791 quoquo
1024 2747 1068 2780 de
1091 2746 1261 2790 Spartaco
1284 2745 1444 2786 dicatur,
1482 2743 1586 2779 cuius

191 2790 356 2825 delibera·
361 2791 406 2823 1di
431 2790 638 2833 sapientiam
663 2802 732 2825 non
756 2792 836 2826 silet
858 2794 1070 2827 Plutarchus
1094 2792 1129 2825 in
1151 2793 1179 2825 C
1182 2803 1242 2825 ras!
1238 2802 1275 2824 so
1298 2803 1374 2834 cap.
1396 2791 1457 2824 lx.
1483 2790 1585 2824 MAI.

286 2836 364 2870 189.
388 2836 446 2870 ..9.
480 2837 630 2871 Βιενίοι·
656 2838 825 2872 sententia
856 2850 891 2873 es
894 2843 928 2879 t,
964 2850 1069 2880 quam
1093 2842 1132 2874 ut
1154 2849 1196 2873 ex
1220 2849 1262 2873 ea
1285 2837 1481 2873 subiectam
1505 2847 1583 2870 ver·-

192 2881 247 2916 bis
270 2882 456 2917 historiam
479 2893 690 2928 cognoscere
713 2884 895 2928 possimus.
928 2885 1026 2921 MAI.
