1968 3346
450 295 508 334 ει
609 287 908 331 EXCERPTA
935 286 1220 330 VATmANA
1245 287 1296 329 L.
1317 252 1678 331 xxvl.-xxx.

455 403 609 458 βραχεῖ
635 415 795 470 καιρῳ
806 401 1060 469 τηλικαῦται
1089 397 1138 442 τὸ
1146 398 1356 470 μέγεθος
1391 399 1579 468 θεωρίαι
1607 410 1842 444 κατεσκευ-

458 459 685 527 άσθησαν,
726 455 800 498 καὶ
832 456 952 506 ὅπως
991 472 1070 510 μεν
1112 454 1346 525 εὐνοῦχος,
1387 455 1435 505 ὃς
1473 456 1548 498 καὶ
1579 458 1843 512 προςφάτως

457 514 536 558 τόν
565 512 695 557 κτένα
724 512 797 555 καὶ
824 511 928 562 τούς
957 510 1264 566 αλαβάστρους
1291 511 1625 567 ἀποτεθειμένος
1653 516 1740 556 τῶν
1767 518 1844 569 τῆς

453 570 712 626 Ἀφροδίτης
742 568 881 637 ἔργων
909 586 1013 620 τους
1030 569 1184 624 Ἀρεος
1205 568 1379 637 ἀγῶνας
1403 568 1599 620 ἐδέξατο,
1633 567 1656 612 ὁ
1678 569 1722 612 δὲ
1742 573 1846 613 Κοι-

432 628 692 682 5λοσυρίτης
710 624 898 681 γεγονὼς
920 627 1078 676 δοῦλος
1107 626 1180 669 καὶ
1200 624 1341 681 μόνον
1362 624 1416 668 ού
1443 625 1548 680 μετὰ
1569 630 1712 695 χεῖρας
1738 625 1846 681 έχων

460 685 522 728 ἔτι
552 683 601 726 τὸ
632 682 910 752 λογιστήριον
949 682 1152 739 ἐτόλμησε
1190 683 1269 725 τόν
1307 683 1407 735 περὶ
1443 684 1614 736 Συρίας
1652 679 1846 738 πόλεμον

462 740 721 809 ἀναλαβεῖν,
749 737 972 799 Ἀντιόχου
991 740 1069 794 μὲν
1085 738 1300 808 δυνάμεσι
1318 739 1392 781 καὶ
1421 744 1514 789 ταῖς
1543 738 1693 790 ἄλλαις
1722 755 1849 808 χορη-

460 800 577 868 γίαις
619 794 803 846 οὐδενὸς
832 798 963 852 ἦττον
1001 779 1280 865 ἰσχύσαντος·
1334 795 1383 838 τὸ
1418 795 1463 838 δὲ
1493 796 1696 851 μέγιστον
1725 794 1849 846 ὄντες

465 854 638 908 ἄπειροι
667 855 837 902 τελείως
874 855 964 895 τῶν
993 869 1103 895 κατα
1134 852 1328 907 πόλεμον
1367 849 1550 922 ἀγώνων
1579 869 1655 896 και
1683 852 1849 908 μηδένα

410 910 568 980 ῙΟμήτε
609 908 866 964 σύμβουλον
897 909 1065 964 ἔχοντες
1102 908 1328 965 αξιόχρεον
1358 904 1467 964 μηθ’
1498 908 1702 979 ἡγεμόνα
1719 912 1849 952 δυνα-

464 967 542 1011 τὸν
573 965 836 1022 ἐπεβάλοντο
867 965 1139 1036 τηλικούτοις
1179 967 1336 1021 ἔργοις.
1375 969 1624 1038 τοιγαροῦν
1647 963 1775 1009 αὐτοί
1803 980 1848 1008 τε

464 1028 541 1080 τῆς
569 1023 826 1095 ἀφροσύνης
862 1021 1022 1078 ταχέως
1051 1023 1137 1092 τὴν
1162 1022 1471 1077 προςηκουσαν
1503 1023 1757 1093 ἐκομίσαντο
1791 1038 1850 1064 τι-

466 1081 650 1149 μωρίαν
653 1096 726 1123 και
749 1079 836 1146 τὴν
859 1081 1081 1147 βασιλείαν
1111 1078 1351 1133 ἀνέτρεψαν
1382 1078 1521 1147 ἄρδην
1546 1078 1599 1122 τό
1634 1076 1740 1122 καθ’
1772 1075 1849 1121 αὗ-

466 1154 572 1187 τους
603 1135 746 1209 μέρος.
791 1133 844 1177 τὰ
873 1135 956 1189 γάρ
988 1140 1171 1179 τοιαῦτα
1208 1133 1646 1203 παρασημαινόμεθα
1662 1133 1770 1189 πρὸς
1798 1133 1848 1177 τὸ

413 1193 544 1244 15τὰς
583 1195 722 1244 αἰτίας
769 1189 960 1248 ακριβῶς
987 1198 1251 1245 θεωρεῖσθαι
1299 1208 1388 1235 των
1429 1189 1738 1246 ἐλαττωμάτων
1775 1190 1851 1234 καὶ

469 1248 853 1318 κατορθωμάτων,
898 1250 972 1292 καὶ
1009 1254 1100 1299 τοῖς
1140 1265 1218 1303 μεν
1257 1253 1398 1298 καλῶς
1428 1253 1721 1302 προστατοῦσι
1760 1251 1906 1291 τῶν76

469 1304 737 1360 πραγμάτων
759 1305 938 1347 ἔπαινον
963 1303 1317 1374 ἆποκομίζοντες,
1348 1309 1436 1372 τῷν
1467 1305 1511 1348 δε
1542 1304 1744 1375 φαύλως
1747 1307 1852 1347 διοι-

469 1361 670 1407 κούντων
698 1365 975 1416 κατηγοροῦν
979 1377 1056 1411 τες.
1106 1360 1194 1415 ἅμα
1224 1361 1302 1415 μὲν
1338 1377 1422 1416 γαρ
1454 1361 1529 1411 τὰς
1559 1359 1634 1415 ἐφ’
1671 1358 1853 1413 ἓκατερα

470 1418 743 1491 προαιρέσεις
779 1423 868 1460 τῶν
908 1417 1084 1472 ἀνδρῶν
1124 1419 1330 1488 ἐμφανεῖς
1368 1416 1741 1472 κατασκευάζομεν
1777 1416 1853 1460 καὶ

414 1477 550 1528 20t6v
581 1478 743 1520 οἰκεῖον
783 1473 918 1530 λόγον
948 1474 1168 1528 ἑκατέροις
1198 1472 1489 1529 απονέμοντες
1516 1473 1851 1529 προτρεπόμεθα

471 1551 549 1584 τας
586 1536 678 1601 τῶν
713 1530 1107 1603 ἀναγινωσκόντων
1144 1531 1286 1587 ψυχας
1326 1531 1438 1582 πρὸς
1475 1531 1554 1573 τὸν
1583 1548 1672 1574 των
1701 1534 1851 1573 καλων

472 1594 618 1660 ζῆλον,
650 1605 739 1657 αμα
770 1589 816 1631 δε
844 1588 924 1643 τὴν
955 1590 1152 1642 ἱστορίαν
1175 1588 1397 1642 ε’γκαρπον
1421 1588 1492 1631 καὶ
1511 1592 1618 1631 πᾶσι
1639 1589 1852 1643 χρησίμην

472 1647 527 1702 ἐφ
579 1645 685 1688 ὅσον
715 1643 820 1701 ἡμῖν
852 1645 1043 1687 δυνατὸν
1079 1644 1452 1713 κατασκευάζομεν
1493 1644 1565 1687 διοὶ
1594 1645 1642 1688 τό
1676 1660 1753 1694 τας
1783 1650 1852 1694 ψι-

471 1707 557 1753 λως
587 1700 768 1758 ἐχούσας
798 1703 1040 1756 ναυμαχίας
1079 1703 1153 1744 καὶ
1182 1700 1443 1758 παρατάξεις
1483 1701 1544 1744 ἔτι
1582 1701 1629 1745 δὲ
1666 1705 1852 1757 νομοθε-

412 1762 565 1810 25σίας
594 1759 729 1815 μηδὲν
759 1758 983 1814 διαφέρειν
1011 1757 1185 1814 μύθων.

583 1850 738 1890 XXIII.
772 1847 870 1890 ““Ότι
907 1848 960 1890 τὰ
998 1846 1144 1903 πλήθη
1177 1846 1500 1904 συναγαγόντες
1531 1848 1590 1898 εἰς
1620 1845 1852 1915 ἐκκλησίαν

473 1907 517 1949 οἱ
550 1909 630 1948 τοῦ
673 1905 950 1959 Πτολεμαίου
987 1906 1060 1947 καὶ
1106 1905 1327 1975 σύντομον
1366 1907 1486 1955 τέλος
1525 1902 1750 1959 ἐπιθήσειν
1788 1904 1851 1972 τῷ

470 1962 575 2006 πολ
561 1979 645 2017 εμῳ
667 1960 1103 2031 κατεπαγγειλαμενοι
1124 1962 1254 2004 τοῦτό
1276 1978 1322 2016 γε
1343 1962 1396 2005 ού
1424 1960 1720 2012 διεψεύσαντο,
1741 1948 1847 2013 ταχῧ

473 2021 548 2062 καὶ
587 2020 739 2073 σφίσιν
777 2016 927 2067 αὐτοῖς
963 2017 1011 2060 τό
1053 2016 1173 2067 τέλος
1212 2023 1294 2062 τοῦ
1334 2021 1435 2089 βίου
1473 2015 1848 2075 περιποιήσαντες.

419 2076 543 2122 ΒΟέπὶ
570 2078 786 2117 τοσοῦτον
819 2074 864 2117 δε
905 2073 977 2117 δια
1017 2074 1097 2128 τὴν
1133 2074 1336 2127 απειρίαν
1373 2073 1591 2124 εὐέλπιδες
1627 2076 1739 2128 ἦσαν
1768 2074 1849 2114 τοῦ

470 2130 535 2200 μὴ
560 2130 708 2198 μόνον
729 2132 895 2185 Συρίας
925 2131 1156 2186 κρατησειν
1187 2131 1295 2174 ἄλλα
1324 2134 1397 2174 καὶ
1424 2135 1498 2186 τῆς
1528 2131 1746 2197 βασιλείας
1761 2127 1848 2169 Ἀν-

467 2187 619 2243 τιόχου
648 2185 814 2243 πάσης,
843 2186 946 2238 ὤςτε
975 2191 1065 2230 τῶν
1095 2189 1405 2244 συναχθέντων
1425 2187 1627 2243 ἐκόμιζον
1655 2202 1707 2228 τα
1736 2189 1848 2227 πλεῖ-

606 2321 661 2357 84.
688 2324 721 2357 2.
759 2317 818 2365 ὃς]
845 2324 1031 2357 delendum
1055 2325 1204 2360 vffletur.

605 2368 662 2403 84.
688 2371 720 2404 6.
756 2367 820 2412 ετι]
851 2371 934 2403 Cod.
959 2368 1030 2404 ἐπί.
1067 2372 1163 2405 ΜΑῘ.

604 2414 659 2449 84.
688 2418 741 2449 10.
777 2408 930 2471 ἔχοντες]
959 2415 1101 2459 ἔχοντες
1125 2414 1159 2450 τ’
1186 2419 1239 2452 ed.
1266 2420 1367 2453 Pom.

606 2460 663 2495 84.
691 2462 743 2494 12.
777 2461 853 2505 της]
881 2459 915 2495 τ’
943 2465 997 2495 ed.
1025 2466 1123 2496 Rom.

606 2506 745 2541 84.19.
784 2506 970 2551 ἐμφανεῖς]
999 2507 1172 2552 ἐμφανῶς
1198 2511 1251 2542 ed.
1279 2513 1378 2544 Rom.

605 2550 661 2586 84.
686 2554 743 2586 27.
778 2554 1025 2598 Πτολεμαίου]
1060 2558 1165 2588 Deest
1190 2558 1225 2589 in
1250 2558 1328 2589 cod.
1355 2555 1557 2600 ἐπίτροποι.
1589 2555 1685 2589 MAI.

607 2597 663 2633 84.
694 2600 750 2633 29.
785 2600 868 2644 τοῦ]
896 2603 1020 2646 incipit
1045 2603 1174 2635 codicis
1199 2615 1235 2646 p.
1257 2604 1333 2637 198.

561 2719 616 2754 84.
643 2721 676 2755 3.
710 2724 783 2756 τῶν
806 2724 870 2765 τῆς
890 2720 1106 2769 Ἀφροδιτης
1130 2724 1241 2770 ἔργων
1264 2724 1374 2768 zooq'
1374 2721 1488 2768 Ἀρεος
1513 2722 1658 2781 ἆγῶνας
1680 2718 1842 2766 ἐδέξατο]

470 2765 801 2802 Dio‹10r.xlss.20
829 2784 849 2802 ν
855 2783 896 2804 πε
902 2773 938 2821 δε
927 2771 984 2812 ξιξ
988 2785 1059 2814 μην
1086 2770 1119 2806 δ’
1145 2772 1269 2807 αὐτων
1295 2771 1463 2818 αῃΙελίαν
1479 2769 1502 2817 ἣ
1522 2769 1585 2807 τὸν
1610 2771 1754 2806 ἐκείνων
1771 2768 1845 2804 θα-

470 2825 583 2846 νατον
608 2811 750 2856 ἕμηνυε.
800 2815 866 2848 xm
893 2814 959 2850 chr
1003 2815 1128 2852 αὐτῶν
1154 2821 1235 2852 mis
1240 2819 1291 2852 kil
1320 2820 1516 2852 coniectura
1539 2827 1757 2860 supervacn‘l
1780 2819 1842 2848 est·

560 2857 616 2892 84.
639 2859 694 2891 22
728 2862 838 2894 noc·
829 2874 879 2894 ms
884 2864 1024 2896 titutum
1044 2877 1094 2896 su.
1098 2877 1144 2897 nn
1171 2866 1389 2907 xitnpernndi
1414 2862 1750 2905 x·itium‚1aud.1ndi
1773 2862 1843 2895 xir-

467 2905 598 2946 tutem,
624 2904 695 2939 iun
719 2908 894 2950 professus
920 2915 996 2944 erat
1023 2910 1196 2946 Diodorus
1211 2912 1287 2948 XV.
1313 2913 1346 2948 1.
1379 2912 1477 2948 MAI.
