1968 3346
484 249 911 294 FRAGMENTA
953 251 1001 292 L.
1031 250 1228 294 v1.-X.
1475 254 1558 295 193

161 361 301 420 μάχης
339 359 637 431 ἀπερχόμενος
668 362 729 411 εἰς
770 360 852 417 τὴν
889 359 1021 404 πόλιν
1060 359 1193 415 ε’ργον
1230 360 1555 432 ἐπαινούμενον

162 420 358 474 ἔπραξεν.
400 417 423 462 ὁ
453 419 533 475 μὲν
562 417 645 488 γὰρ
676 416 892 468 Κλέοννις
930 415 1129 467 ἀσθενῶς
1160 417 1207 460 ἐκ
1242 435 1333 461 των
1361 418 1552 474 τραυμά·

161 492 249 519 των
280 477 549 531 διακείμενος
587 474 689 517 οὔτε
731 477 921 545 βαδίζειν
951 471 1061 516 καθ’
1101 472 1238 517 αὑτὸν
1271 472 1372 518 οὔτε
1413 493 1549 547 χειρα-
1580 483 1636 525 80

160 536 400 587 γωγεῖσθαι
430 530 617 581 δυνατός
645 532 725 586 ἠν·
766 529 789 573 ὁ
822 528 865 574 δ’
891 528 1194 584 Ἀριστομένης
1225 528 1443 585 ἀράμενος
1474 530 1549 576 αύ-

157 588 239 631 τὸν
269 589 339 632 ἐπὶ
377 592 458 632 τοῦ
497 586 698 642 σώματος
737 585 979 643 ἀπήνεγκεν
1018 588 1077 636 εἰς
1107 585 1187 642 τὴν
1215 589 1368 638 πόλιν,
1414 587 1549 633 ου’ὁὲν

161 645 208 688 δὲ
236 639 369 715 ἦττον
396 645 586 713 κομίζων
613 643 695 699 τήν
724 645 842 687 ἰδίαν
878 644 1147 693 πανοπλίαν,
1190 644 1264 685 καὶ
1300 648 1436 687 ταῦτα
1466 650 1547 713 τοῦ

159 701 426 753 Κλεόννιδος
456 700 723 770 προέχοντος
753 704 843 743 τῶν
873 698 1015 742 α’λλων
1043 699 1215 767 μεγέθει
1244 715 1288 742 τε
1318 701 1388 743 καὶ
1420 699 1545 770 ῥώμῃ

160 770 308 828 σωμαξ.
299 775 373 809 ’.ος
421 755 628 808 τοιαύτας
666 754 710 800 δ’
744 756 941 827 ἐχόντων
979 753 1185 826 ἀφορμὰς
1224 758 1284 807 εἷς
1315 774 1400 825 την
1437 756 1544 813 ὑπὲρ
1575 763 1630 806 35

158 818 246 857 τῶν
275 813 505 868 ἀριστείων
533 815 699 882 κρίσιν,
731 811 755 856 6
786 811 991 870 βασιλεὺς
1013 812 1190 855 ἐκάθισε
1220 829 1326 882 μετα
1354 829 1444 856 των
1473 832 1544 857 τα-

157 873 348 927 ξιαρχῶν
377 870 488 914 κατὰ
516 869 596 913 τόν
634 868 788 923 νόμον.
835 869 1071 924 προλαβών
1110 871 1195 912 οὐν
1230 868 1310 913 τόν
1347 868 1483 926 λόγον
1520 870 1544 915 ὁ

157 929 370 978 Κλέοννις
396 925 617 977 τοιούτοις
647 924 854 995 ἐχρήσατο
885 925 1052 994 λόγοις.

271 982 445 1053 Βραχύς
474 983 555 1039 μέν
588 984 704 1026 ἐστιν
734 981 756 1025 ὁ
771 984 884 1052 περὶ
913 986 1002 1026 τῶν
1027 979 1255 1052 ἀριστείων
1275 981 1427 1038 λόγος·
1458 999 1546 1038 κρι-
1575 987 1631 1037 4ο

155 1041 229 1084 ταὶ
256 1040 340 1096 γάρ
381 1042 490 1083 εἰσιν
527 1042 572 1084 οἷ
599 1037 854 1094 τεθεαμένοι
892 1038 970 1089 τάς
1000 1037 1193 1107 ἑκάστων
1223 1036 1397 1092 ἀρετάς·
1440 1040 1549 1084 ὑπο-

155 1101 320 1153 μνῆσαι
350 1097 396 1140 δὲ
425 1098 493 1139 δεῖ
518 1112 570 1152 με
602 1095 713 1139 διότι
742 1095 856 1166 πρὸς
884 1095 989 1146 τούς
1021 1093 1181 1146 αὐτούς
1209 1094 1375 1149 ἄιδρας
1406 1096 1548 1168 έκατέὴ

156 1170 250 1207 ρων
290 1153 679 1223 διαγωνισαμῖνων
718 1149 807 1207 ὑφ’
846 1152 923 1195 ε’να
970 1151 1129 1205 καιρὸν
1175 1153 1249 1195 καὶ
1285 1150 1425 1195 τόπον
1463 1153 1546 1209 ἐγω

153 1211 330 1261 πλείους
360 1209 600 1253 ἀπέκτεινα.
633 1211 769 1264 δηλον
800 1203 885 1253 οὖν
917 1226 976 1259 ως
1007 1208 1117 1251 κατὰ
1146 1207 1228 1277 την
1259 1207 1398 1266 αὐτήν
1427 1214 1543 1264 περί·

153 1278 307 1310 στασιν
345 1265 554 1321 ὁπότερος
582 1283 631 1309 εν
663 1265 840 1335 ἀριθμῷ
868 1270 958 1309 τῶν
990 1264 1313 1317 ἀναιρεθέντων
1341 1272 1547 1335 προτερεῖ
1572 1271 1628 1316 45

153 1324 229 1367 καὶ
257 1328 347 1374 τοῖς
377 1324 437 1374 εἰς
467 1322 518 1366 τὸ
547 1339 764 1377 πρωτειον
790 1324 986 1372 δικαίοις.
1020 1320 1128 1365 ἀλλα
1155 1322 1242 1378 μὴν
1274 1323 1348 1365 καὶ
1378 1321 1430 1365 τά
1463 1323 1545 1366 σιό

154 1397 268 1436 ματα
297 1379 516 1434 εκατέρων
550 1378 876 1434 έμφανεστάτας
905 1377 1143 1448 ἀποδείξεις
1174 1380 1255 1433 έχει
1284 1383 1358 1435 τῆς
1387 1378 1546 1431 ὑπερο-

153 1440 251 1492 χῆς·
292 1436 315 1480 6
357 1453 437 1491 μεν
468 1453 554 1505 γαρ
592 1435 762 1507 πληρης
802 1435 865 1478 ὢν
902 1435 1166 1507 τραυμάτων
1204 1435 1415 1479 ἐναντίων
1447 1434 1547 1481 ἀπε-

153 1494 282 1536 λύετο
316 1497 392 1562 τῆς
431 1491 593 1549 μάχης,
631 1492 655 1536 6
697 1492 743 1537 6'
776 1492 914 1547 ὥςπερ
954 1492 1000 1535 ἐκ
1039 1491 1325 1561 πανηγύρεως
1355 1490 1452 1535 ἀλλ’
1486 1492 1541 1537 06

153 1548 414 1606 τηλικαύτης
443 1548 725 1618 παρατάξεως
762 1549 888 1599 ἐξιών
919 1547 1002 1592 ούκ
1025 1547 1257 1618 ἐπειράθη
1286 1550 1327 1591 τί
1357 1548 1541 1594 δύναται
1570 1554 1627 1596 50

153 1608 375 1675 πολεμίων
413 1607 604 1676 σίδηρος.
652 1604 964 1676 εὐτυχέστερος
989 1606 1069 1674 μὲν
1099 1609 1181 1648 οὐν
1211 1605 1316 1656 ἴσως
1344 1603 1540 1658 Ἀριστο-

153 1662 306 1731 μένης,
348 1661 629 1732 ἀγαθώτερος
669 1659 711 1705 δ’
745 1662 872 1718 ἡμῶν
911 1659 994 1705 οὐκ
1034 1660 1090 1705 ἂν
1135 1662 1314 1713 δικαίως
1353 1665 1538 1732 κριθείη.

151 1718 372 1788 πρόδηλος
400 1736 483 1788 γαρ
515 1717 539 1762 6
567 1718 808 1789 υπψείνας
843 1717 1060 1770 τοσαύτας
1076 1717 1318 1786 διαιρέσεις
1345 1724 1428 1762 τοῦ
1458 1720 1542 1763 σώ-

152 1792 288 1846 ματος
317 1793 375 1827 ως
405 1773 598 1831 ἀφειδῶς
627 1774 785 1818 ἑαυτὸν
814 1774 1029 1818 επέδωκεν
1061 1772 1171 1829 ὑπὲρ
1201 1792 1277 1831 της
1306 1778 1538 1830 πατρίδος·
1570 1778 1625 1822 55

153 1832 178 1876 ὁ
211 1831 254 1876 δ’
284 1832 332 1876 ἐν
361 1834 581 1903 πολεμίων
612 1836 843 1902 συμπλοκῃ
874 1833 946 1874 καὶ
976 1831 1194 1875 τοιούτων
1222 1832 1445 1875 κινδύνων
1471 1851 1542 1903 τη-

153 1888 290 1946 ρήσας
310 1889 468 1933 ἑαυτὸν
488 1888 684 1946 ἄτρωτον
703 1887 909 1945 εύλαβεία
929 1893 1012 1931 τοῦ
1032 1893 1193 1932 παθεῖν
1213 1905 1254 1931 τι
1275 1888 1395 1932 τοῦτ’
1419 1887 1541 1960 ε’νήρ-

149 1958 295 2014 γησεν.
334 1944 502 1988 ἄτοπον
532 1947 614 1988 οὐν
644 1946 680 1988 εί
710 1944 828 1998 παρά
858 1950 950 1995 τοῖς
981 1943 1196 1999 ἕωρακόσι
1233 1961 1312 2000 την
1340 1945 1483 2002 μάχην
1516 1942 1541 1990 6

149 2019 239 2046 των
266 2004 501 2059 πολεμίων
515 2001 594 2056 μὲν
624 2000 827 2051 ἐλάττους
857 1999 1049 2053 ἀνελών,
1080 2006 1141 2059 τῷ
1174 1999 1215 2044 δ’
1250 2003 1345 2072 ἰδίῳ
1372 2003 1539 2058 σώματι
1568 2009 1624 2049 60

150 2057 444 2109 κινδυνεύσας
472 2060 652 2129 ᾑττον,
672 2056 1022 2126 προκριθήσεται
1052 2063 1132 2101 τοῦ
1161 2059 1465 2111 πρωτεύοντος
1495 2059 1542 2103 ἐν

153 2113 429 2171 ἀμφοτέροις.
460 2114 568 2158 ἀλλὰ
597 2132 685 2185 μην
703 2115 777 2158 καὶ
806 2112 854 2157 τὸ
886 2114 1104 2170 μηδενός’
1091 2115 1152 2158 ε’τι
1171 2114 1430 2159 κινδύνουΓ
1403 2115 1542 2170 υπάρ-

150 2189 303 2228 χοντος
339 2171 555 2242 βαστάσαι
599 2171 648 2214 τὸ
689 2175 823 2241 σωμα
853 2171 1268 2242 καταπεπονημένον
1315 2171 1402 2215 ὑπὸ
1452 2177 1543 2216 τῶν

150 2229 417 2284 τραυμάτων
438 2226 646 2282 ἀνδρείαν
665 2244 744 2283 μεν
764 2225 1015 2295 ου’δεμίαν’
1003 2228 1107 2284 ε’χει,
1139 2226 1338 2283 σώματος
1361 2227 1404 2272 δ’
1434 2231 1540 2281 ἴσως

152 2286 279 2355 ἰσχύν
309 2285 614 2329 ἐπιδείκνυται.
645 2284 773 2328 ἱκανά
799 2302 880 2354 μοι
910 2289 1050 2327 ταῦτα
1062 2286 1241 2357 εἴρηται
1270 2284 1383 2341 πρὸς
1413 2282 1538 2343 ὑμᾶς.
1567 2289 1622 2332 65

151 2340 380 2397 πρόκειται
408 2341 490 2397 γὰρ
522 2341 664 2413 ἀγων
675 2339 729 2385 06
757 2345 902 2396 λογων
932 2339 1027 2384 ἀλλ’
1059 2341 1213 2396 ε’ργων.

271 2398 552 2454 Παραλαβὼν
579 2395 622 2442 δ’
646 2397 693 2441 έν
715 2397 834 2453 μέρει
855 2397 934 2441 τὸν
940 2398 1086 2467 λόγον
1102 2397 1406 2467 Ἀριστομένης
1425 2402 1539 2442 Θαυ-

153 2453 293 2511 μάξω,
336 2457 493 2510 φησίν,
541 2456 577 2498 εἰ
615 2455 757 2524 μέλλει
786 2454 885 2509 περὶ
924 2450 1156 2509 ἀριστείων
1197 2453 1484 2525 ἀμφιςβητεῖν
1515 2454 1538 2499 6
1569 2462 1628 2503 70

153 2512 315 2562 σωθεὶς
344 2515 413 2579 τῷ
455 2509 658 2554 σώσαντι.
708 2509 953 2566 ἀναγκαῖον
981 2510 1064 2566 γάρ
1098 2530 1125 2567 η
1157 2528 1247 2554 των
1277 2511 1545 2565 δικαζόντων

154 2566 295 2612 αὐτόν
323 2565 482 2611 ἄνοιαν
506 2567 847 2639 καταγινώσκειν
875 2567 904 2623 ἢ
933 2567 1012 2623 τὴν
1034 2570 1181 2620 κρίσιν
1202 2570 1349 2611 δοκεῖν
1380 2568 1426 2611 ἐκ
1455 2573 1546 2612 τῶν

151 2628 237 2668 νῦν
265 2624 513 2693 λεγομένων
544 2621 765 2667 ἀλλὀὐκ
796 2624 841 2667 έκ
870 2627 960 2667 τῶν
990 2625 1083 2668 τότε
1112 2625 1430 2694 πεπραγμένων
1459 2625 1546 2668 ἔσε-

153 2678 361 2724 σθαι.ού
391 2680 530 2750 μόνον
553 2680 598 2724 δε
619 2680 828 2731 Κλέοννις
856 2680 1130 2750 δειχθήσεται
1159 2681 1258 2724 κατ’
1285 2679 1457 2751 ἀρετην
1463 2685 1544 2724 λει-

153 2737 365 2794 πόμενος,
405 2735 512 2780 ἀλλὰ
542 2736 615 2781 καὶ
647 2736 800 2788 τελέως
840 2734 1086 2794 ἀχάριστος.
1129 2735 1254 2794 ἀφεὶς
1293 2737 1378 2793 γὰρ
1408 2736 1457 2781 τό
1488 2738 1542 2784 τὰ
1571 2742 1626 2785 75

244 2862 326 2898 638.
349 2861 408 2899 45.
430 2863 620 2909 προτερεῖ]
644 2862 793 2899 fortasse
816 2863 992 2908 προτερεῖ
1014 2864 1192 2908 προτερεῖ
1209 2861 1431 2897 scribendum

1212 2912 1268 2952 13
