1968 3346
432 218 462 258 4
660 210 959 254 EXCERPTA
991 210 1276 253 VATICANA
1313 212 1360 252 L.
1381 211 1601 253 V11.-x.

434 322 664 381 εὐσέβειαν
691 321 805 365 πολὺ
833 325 1002 377 μᾶλλον
1031 319 1090 377 μή
1120 324 1267 377 τηρεῖν
1295 319 1348 364 τὰ
1377 321 1487 377 πρὸς
1516 323 1622 375 τοὺς
1651 323 1822 380 ἀνθρώ-

435 397 548 432 πους
578 382 739 424 δίκαια

537 437 642 479 Ότι
674 435 922 488 Περδίκκας
958 433 1040 490 τὴν
1082 433 1200 476 ἰδίαν
1239 435 1478 503 βασιλείαν
1481 434 1681 493 αὐξῆσαι
1717 440 1820 494 βου-

437 493 621 566 λόμενος
650 491 873 559 ἠρώτησεν
903 491 962 541 εἰς
991 489 1210 559 Δελφούς.
1240 489 1267 545 ἡ
1299 489 1346 533 δὲ
1375 490 1460 546 ἔφη

525 550 614 593 ἔστι
642 564 802 602 κρατος
831 548 1053 616 βασίλειον
1084 545 1266 600 ἀγαυοῖς
1285 549 1582 615 Τημενίδαισι

411 615 438 657 5
522 608 648 677 γαίης
677 602 1028 672 πλουτοφόροιο·
1058 604 1210 645 δίδωσι
1239 618 1324 658 γαρ
1358 606 1557 673 αἰγίοχος
1580 605 1702 656 Ζεύς.

525 661 620 705 αλλ’
650 659 718 704 ι’θ’
751 658 1025 714 ἐπειγόμενος
1054 661 1275 713 Βουτηίδα
1305 659 1418 713 πρὸς
1447 659 1720 722 πολύμηλον·

522 719 635 763 ἔνθα
665 717 706 760 δ’
741 715 797 759 ἂν
826 717 1122 785 ἀργικέρωτας
1150 718 1248 771 ι’δῃς
1277 716 1514 784 χιονώδεας
1542 723 1669 788 αἰγας

523 774 792 831 εὕυηθέντας
820 771 971 841 ὕπνῳ,
1003 774 1147 826 κείνης
1170 771 1338 840 ,χθονὸς
1368 773 1415 815 ἐν
1445 774 1671 818 δαπέδοισι

522 836 608 875 θῦε
635 834 758 881 θεοῖς
787 828 1027 885 μακαρεσσι
1056 830 1131 872 καὶ
1161 827 1269 872 α’στυ
1288 831 1401 882 κτίζε
1429 827 1604 887 πόληος.

384 897 438 937 10

577 920 611 958 4.
634 922 668 956 4.
703 918 904 965 ἠρώτησεν]
929 921 1067 954 Eusebii
1091 921 1264 965 interpres
1290 923 1463 955 armenius
1485 922 1625 967 legebat
1650 920 1823 965 ἐπεμψεν,

486 970 589 1003 sicuti
605 982 729 1022 reapse
748 969 871 1000 scribit
890 969 982 999 infra
994 967 1205 1010 Diodorusp
1213 968 1264 1001 ..6
1284 969 1356 1011 28„
1375 969 1433 1002 ubi
1451 970 1494 1002 de
1505 969 1701 1002 Messeniis.
1728 971 1823 1002 MAI.

579 1013 612 1048 4.
637 1015 673 1048 5.
700 1010 793 1057 α’γαῑ,
777 1015 835 1046 ·οῖ
839 1012 868 1054 3]
897 1008 1049 1055 ἀγανοῖς
1072 1013 1125 1045 ed.
1149 1014 1250 1046 Rom.

578 1059 611 1094 4.
637 1061 670 1094 5.
702 1059 956 1113 Τημενιδεσσι]
981 1060 1034 1092 Ita
1059 1059 1138 1091 cod.
1163 1059 1259 1091 ΜΑΙ.

579 1105 613 1141 4.
638 1108 671 1140 6.
699 1103 991 1147 πλουτοφόροιο]
1015 1103 1279 1151 πλουτοφόρον
1305 1106 1360 1139 ed.
1379 1107 1479 1140 Rom.
1512 1106 1564 1140 Ab
1583 1105 1690 1150 γαίης
1708 1112 1821 1141 autem

485 1155 612 1198 incipit
636 1153 813 1196 οοᾶιοίερ
819 1152 928 1185 ..956

578 1197 612 1232 4.
638 1199 671 1231 7.
712 1195 774 1240 θ’]
801 1197 860 1230 ἴθι
885 1198 938 1230 ed.
965 1199 1065 1230 Rom.

578 1243 612 1277 4.
638 1245 671 1277 8.
697 1241 793 1277 ἔνθα
814 1241 912 1285 δ’]
899 1239 1032 1276 ..”νθαδ
1060 1243 1114 1275 ed.
1138 1244 1242 1276 Rom.

577 1287 612 1323 4.
638 1291 670 1323 8.
695 1287 921 1345 χιονόδεας]
929 1292 979 1322 Ita
1005 1289 1083 1321 cod.
1107 1291 1206 1322 MAI.

580 1334 614 1369 4-
640 1337 674 1369 9
700 1333 822 1379 ὕπνῳ]
848 1331 921 1369 υπ’
946 1332 1002 1378 ἦω
1025 1335 1081 1366 ed.
1106 1334 1207 1367 Rom.

578 1379 615 1415 4.
642 1383 696 1415 10.
720 1382 840 1425 θεοῖς]
865 1381 942 1414 cod.
966 1381 1102 1414 θεοῖσι.
1137 1380 1237 1413 ΜΑΙ.

535 1470 569 1504 4.
595 1471 629 1506 3.
655 1471 876 1516 Περδίκκας]
903 1470 1088 1504 Perdiccas
1111 1472 1253 1513 quartus
1275 1470 1506 1504 Macedonum
1529 1481 1602 1504 rex.
1647 1468 1741 1503 Mire
1760 1480 1824 1503 au—

445 1521 515 1552 tem
539 1517 667 1551 accidit
683 1523 721 1552 ut
743 1519 802 1551 hic
820 1517 967 1551 Diodori
989 1518 1085 1550 locus
1105 1527 1214 1559 usque
1237 1517 1281 1550 ad
1303 1517 1483 1550 oraculum
1507 1521 1727 1550 conservatus
1750 1516 1826 1548 fue-

443 1565 490 1597 rit
513 1564 558 1597 ab
580 1565 732 1598 Eusebio
757 1565 876 1597 chron.
902 1564 926 1596 Ι.
951 1562 1008 1597 37.
1032 1563 1083 1595 ed.
1109 1563 1254 1596 Mediol.
1281 1574 1314 1606 p.
1334 1562 1413 1596 169.
1437 1564 1475 1595 in
1499 1562 1699 1595 armeniaca
1720 1562 1826 1594 inter-

443 1610 656 1653 pretatione,
682 1610 739 1644 cni
758 1622 847 1643 nnnc
871 1610 1012 1642 demum
1031 1619 1158 1652 graeca
1181 1619 1318 1651 quoque
1341 1608 1488 1642 Diodori
1508 1609 1617 1642 verba
1639 1607 1827 1652 appingere

445 1655 540 1689 licet.
587 1656 680 1688 Hinc
715 1657 822 1689 ctiam
855 1660 947 1688 certo
983 1655 1226 1698 cognoscimus
1249 1655 1438 1688 Eusebium
1470 1659 1541 1688 toto
1568 1665 1610 1687 eo
1640 1653 1753 1696 capite
1775 1653 1827 1686 uti

445 1701 617 1735 historico
632 1701 798 1736 Diodoro.
835 1701 894 1734 Sic
918 1705 1038 1734 autem
1059 1704 1111 1733 est
1134 1701 1224 1743 apud
1245 1701 1449 1734 Eusebium:
1475 1700 1653 1733 Perdiccas
1671 1699 1828 1744 augendi

446 1748 551 1791 regni
578 1748 740 1791 cupidus,
771 1748 919 1790 Delphos
942 1747 1047 1780 misit.
1100 1747 1187 1779 Tum
1207 1748 1327 1789 paucis
1347 1747 1557 1790 interpositis
1577 1746 1692 1780 subdit
1719 1746 1826 1786 (Dio—

448 1794 552 1826 dorus
555 1796 568 1831 )
594 1795 797 1837 regnavisse
818 1794 1014 1826 Perdiccam
1038 1794 1136 1825 annis
1162 1792 1249 1824 XLI·
1254 1793 1332 1827 III.
1369 1793 1558 1826 oraculum
1573 1796 1710 1832 autem,
1734 1792 1828 1834 quod

447 1844 524 1872 erat
547 1838 800 1882 interpositum,
824 1843 859 1873 et
881 1839 926 1871 ab
950 1838 1099 1871 Eusebio
1122 1838 1189 1871 fuit
1210 1839 1412 1881 praetermis
1415 1850 1510 1880 sum,
1534 1849 1624 1871 nunc
1648 1837 1829 1871 commode

447 1896 704 1926 recuperamus.
729 1886 825 1919 MAI.
874 1884 1064 1918 Perdiccae
1086 1884 1186 1917 initia
1209 1885 1307 1927 ponit
1328 1884 1499 1918 Eusebius
1522 1884 1558 1917 in
1577 1895 1666 1918 anno
1683 1881 1829 1917 Romuli

449 1931 585 1970 ΧΙἸΙΙς
616 1936 652 1965 at
675 1931 848 1965 Diodorus
870 1935 948 1964 ante
972 1931 1164 1964 Romulum
1188 1931 1345 1964 collocat.
1390 1931 1509 1964 IDEM
1532 1930 1569 1963 in
1589 1930 1678 1963 Add.

542 1977 573 2008 4.
599 1975 631 2010 5.
666 1978 758 2020 Quip
739 1989 803 2020 ppe
821 1977 855 2010 in
872 1977 1064 2010 maioribus
1083 1976 1270 2010 Perdiccae
1286 1977 1356 2010 fuit
1377 1977 1552 2010 Temenus
1571 1980 1621 2009 tes
1626 1980 1658 2010 te
1675 1975 1828 2009 Diodoro

450 2020 487 2055 in
513 2022 712 2066 fragmento
738 2023 845 2066 (quod
864 2023 1050 2066 Syncellns
1071 2023 1301 2063 conservavit)
1329 2023 1383 2058 ed.
1414 2024 1527 2057 XVess.
1549 2023 1656 2055 T.11.
1691 2034 1725 2064 p.
1745 2020 1826 2054 637.

449 2067 606 2100 Temeno
625 2074 742 2102 autem
759 2059 981 2102 heraclidae·
972 2080 1007 2101 ιιι
1022 2069 1249 2110 Peioponnesi
1261 2069 1363 2101 dixis*
1340 2079 1432 2102 lone
1445 2070 1644 2113 obtigerant
1654 2066 1761 2110 Argi3
1785 2077 1829 2099 ex

451 2123 521 2156 qua
541 2115 628 2147 urbe
651 2115 805 2147 Caranus
828 2115 1000 2157 profectus
1016 2113 1261 2147 Macedoniam
1281 2114 1482 2157 occupavit,
1506 2116 1647 2156 eiusque
1672 2124 1733 2146 rex
1755 2111 1828 2155 pri—

451 2169 530 2192 mus
546 2159 633 2198 fuit3
657 2165 854 2203 postquem
871 2165 1014 2202 quartus
1030 2159 1225 2192 Perdiccas.
1258 2160 1382 2193 Euseb.
1403 2161 1468 2193 loc.
1486 2159 1547 2193 cit.
1578 2159 1676 2194 MAI.

545 2204 579 2237 4.
606 2204 640 2239 7.
684 2209 782 2240 Βουτ
785 2205 888 2250 ηιδα]
924 2206 965 2237 Es
951 2209 980 2238 st
1002 2205 1090 2237 haec
1113 2205 1338 2238 Macedoniae
1369 2217 1471 2249 pars,
1500 2216 1606 2249 quam
1629 2204 1830 2238 Herodotus

451 2249 527 2283 VH.
546 2249 625 2283 123.
651 2251 781 2293 aliique
785 2219 984 2294 ⁷7appellant
1008 2251 1237 2284 Βοττιαιίδα.
1263 2252 1360 2284 MAI.
1386 2252 1423 2285 ld
1441 2252 1500 2284 hic
1522 2250 1741 2284 scribendum
1763 2250 1830 2284 erit

452 2297 661 2330 Βοτιαιίδα.
710 2298 756 2330 Et
776 2297 869 2339 apud
889 2296 1141 2330 Straboneml.
1160 2298 1216 2331 ΙΙ.
1240 2308 1274 2340 p.
1296 2298 1374 2331 427.
1398 2298 1441 2330 B.
1464 2298 1637 2330 librorum
1657 2296 1831 2340 scriptura

452 2344 655 2385 Βουγειόυς
678 2342 712 2375 in
734 2344 953 2382 Βοττιαίους
976 2347 1111 2376 mutata
1133 2347 1193 2377 est.
1243 2343 1377 2376 Licebit
1399 2348 1514 2377 tamen
1538 2343 1646 2376 etiam
1669 2343 1712 2376 de
1737 2345 1830 2377 Βοτ-

449 2389 562 2431 τηίδα
586 2388 747 2446 cogitari.

542 2432 577 2467 4.
601 2434 634 2467 9.
668 2430 720 2467 ὑπ
727 2431 815 2478 ²rici]
847 2435 900 2467 De
923 2433 1031 2467 variis
1053 2434 1219 2467 vocabuli
1250 2431 1324 2479 ἠως
1347 2433 1661 2478 significationibus
1681 2434 1772 2477 lege,
1799 2434 1830 2468 si

450 2478 585 2522 placet,
613 2480 747 2513 scholia
771 2491 793 2513 a
815 2491 872 2513 me
894 2480 989 2513 edita
1012 2480 1055 2513 ad
1079 2481 1261 2523 odysseam
1288 2482 1330 2513 ΙΙ.
1356 2461 1400 2515 1β
1414 2481 1452 2514 V.
1476 2481 1508 2514 1
1534 2480 1805 2514 vl11.1.MA1.

543 2525 577 2560 4.
601 2525 658 2560 10.
692 2523 844 2570 πόληος]
878 2527 931 2568 Ag
921 2526 1006 2558 1·ἰῐιιι
1037 2526 1080 2559 de
1110 2516 1207 2559 urbis
1231 2528 1409 2569 Aegarum
1436 2526 1676 2559 uelificatione
1697 2525 1786 2558 vel
1775 2537 1826 2558 ιιι-

452 2574 645 2612 eremento‚
681 2582 804 2661 quamP
820 2572 955 2611 regiam
989 2571 1073 2603 fuiss
1076 2583 1095 2604 e
1118 2573 1232 2604 sedem
1256 2573 1489 2605 Macedonum
1513 2572 1563 2605 ait
1584 2572 1690 2605 etiam
1712 2576 1829 2605 noster

451 2614 627 2648 Diodorus
651 2616 757 2652 T.11.
809 2615 917 2650 ..')63.
944 2617 1100 2658 (Eadem
1125 2618 1208 2651 urbs
1227 2619 1358 2651 Edessa
1381 2618 1573 2661 antiquius,
1597 2618 1695 2650 Pelia
1718 2617 1829 2651 serius

450 2660 544 2694 dicta
566 2661 644 2695 fuit.
649 2663 662 2702 )
697 2630 804 2695 lamp
790 2674 873 2696 vero
890 2674 970 2695 cum
989 2663 1056 2694 hoc
1073 2674 1153 2696 orac
1157 2665 1214 2696 nio
1235 2665 1389 2706 perbelle
1405 2664 1571 2696 consentit
1587 2663 1736 2696 lustinus
1752 2663 1827 2696 Vll.

449 2706 492 2746 13
527 2706 591 2739 nisi
616 2708 740 2749 quod'
729 2720 780 2752 ips
766 2720 802 2741 e
825 2708 960 2741 carano
984 2708 1105 2741 tribuit
1127 2721 1216 2752 quae
1242 2710 1414 2742 Diodorus
1436 2709 1641 2742 Perdiccae:
1670 2709 1828 2742 Caranus

449 2763 526 2784 cum
544 2763 679 2796 magna
696 2755 913 2788 multitudine
926 2755 1133 2787 Graecorum
1148 2756 1273 2788 sedes
1260 2768 1295 2788 m
1309 2756 1514 2789 Macedonia
1525 2763 1680 2798 responso
1696 2755 1827 2788 oraculi

448 2797 559 2830 iussus
580 2810 755 2841 quaerere,
781 2811 884 2843 quum
903 2801 939 2832 in
956 2801 1156 2833 Emathiam
1173 2802 1334 2842 venisset,
1358 2802 1475 2834 urbem
1494 2802 1660 2834 Edessam
1678 2811 1824 2845 gregem

445 2854 631 2887 caprarum
647 2851 808 2890 sequutus
825 2847 1022 2890 occupauit.-
1046 2852 1290 2891 reuocatusque
1308 2848 1344 2881 in
1364 2849 1564 2881 memoriam
1583 2848 1733 2880 oraculi.
1760 2858 1823 2890 qno
