1968 3346
19 480 48 516 (2⁴1

472 220 889 264 FRAGMENTA
926 222 975 262 L.
1004 220 1208 263 VL—X.
1449 225 1532 265 197

144 331 408 402 ἐπιχειρῆσαι
444 330 742 401 προςάγεσθαι
782 330 889 381 τούς
909 330 1281 401 πλησιοχώρους,
1328 333 1403 376 καὶ
1439 337 1529 384 τοῖς

143 387 322 459 Μήδοις
341 387 532 456 ἀρχηγὸν
539 387 759 458 γενέσθαι
772 390 849 442 τῆς
864 390 954 430 τῶν
973 387 1090 431 ὅλων
1108 387 1356 443 ἡγεμονίας.
1384 389 1528 433 ἔπειτα
1561 394 1612 435 10

142 460 248 495 τους
277 443 491 514 ἐγγόνους
522 442 589 488 άεὶ
618 444 1090 498 προςκατακτωμένους
1126 444 1291 500 πολλὴν
1319 448 1394 502 τῆς
1424 445 1530 502 ὁμό-

144 517 230 556 ρου
259 499 406 557 χώρας
435 499 622 570 αὐξῆσαι
650 501 731 570 τήν
752 502 980 569 βασιλείαν
1009 500 1134 556 μέχρι
1159 472 1422 572 Ἀστυάγους
1449 507 1531 546 τοῦ

141 557 574 627 καταπολεμηθέντος
591 556 679 601 ὑπὸ
703 555 862 610 Κύρου
890 558 965 600 καὶ
991 560 1194 627 Περσῶν·
1223 558 1322 611 περὶ
1352 575 1417 601 ων
1444 563 1530 603 νῦν

141 612 265 668 ἡμεῖς
292 613 345 657 τὰ
373 612 590 683 κεφάλαια
620 612 930 683 προειρηκότες
958 631 1011 656 τα
1042 630 1152 657 κατα
1184 613 1319 687 μέρος
1339 613 1529 669 ὕστερον

143 669 336 741 α’κριβώς
365 668 702 740 ἀναγράψομεν,
746 669 925 715 ἐπειδὰν
963 669 1034 715 ἐπὶ
1062 686 1168 722 τους
1210 672 1399 723 οἰκείους
1427 672 1523 728 χρό-
1556 680 1608 723 15

141 743 251 778 νους
281 725 561 783 ἐπιβάλωμεν.

253 783 477 825 Diodorus
499 783 553 824 ΙΙ.
584 790 653 830 82.

248 836 483 910 Ἀστιβάρα
513 840 560 883 δὲ
586 843 666 883 τοῦ
695 838 924 910 βασιλέως
931 840 1021 909 τῶν
1042 837 1216 909 Μήδων
1243 837 1359 909 γήρᾳ
1386 843 1528 911 τελευ-

139 894 354 966 τήσαντος
391 895 439 939 ἐν
464 895 747 966 Ἐκβατάνοις
779 895 859 966 τὴν
896 893 1055 967 ἀρχὴν
1064 894 1284 939 Ἀσπάδαν
1312 895 1391 940 τὸν
1424 897 1528 941 υἱὸν

139 951 426 1004 διαδέξασθαι
464 953 544 997 τὸν
569 951 657 996 ὑπὸ
688 968 776 996 των
799 951 1019 1006 Ελλήνων
1043 950 1282 1008 Ἀστυάγην
1310 952 1524 1009 καλούμε-
1553 961 1609 1001 20

141 1022 244 1052 νον·
274 1007 437 1052 τούτου
457 1007 500 1052 δ’
520 1009 609 1053 ὑπὸ
626 1008 780 1064 Κύρου
797 1012 879 1052 τοῦ
899 1009 1076 1063 Πέρσου
1095 1010 1530 1081 καταπολεμηθέντος

141 1069 394 1120 μεταπεσεῖν
420 1081 502 1137 την
526 1066 753 1121 βασιλείαν
781 1067 841 1117 εἰς
867 1065 1063 1119 Πέρσας·
1102 1065 1205 1119 περὶ
1235 1067 1299 1109 ὠν
1324 1064 1446 1136 ἡμεῖς
1475 1067 1530 1111 τοὶ
1583 1107 1588 1110 ,

140 1138 253 1167 κατα
275 1121 406 1176 μέρος
434 1122 483 1166 ἐν
512 1127 604 1172 τοῖς
627 1123 754 1173 ἰδίοις
774 1120 952 1177 χρόνοις
983 1121 1172 1179 ἀκριβῶς
1199 1121 1529 1180 ἀναγράψομεν.

253 1179 478 1223 Diodorus
496 1179 552 1222 ΙΙ.
582 1181 650 1225 84.
680 1179 810 1224 conf.
828 1179 936 1223 Exc.
958 1180 1011 1223 de
1031 1180 1145 1223 Virt.
1175 1188 1218 1224 et
1248 1182 1337 1227 Vn,
1367 1197 1411 1241 p.
1433 1184 1529 1227 553.

738 1302 930 1348 XXXII.

253 1409 409 1462 Κῦρος
438 1408 624 1461 Περσῶν
665 1405 918 1461 εβασίλευεν
957 1398 993 1462 ᾦ
1030 1404 1113 1448 ἔτει
1136 1403 1377 1460 Ὀλυμπιὰς
1406 1402 1529 1478 ἤχθη
1556 1413 1612 1457 65

141 1462 225 1518 ve',
255 1464 314 1515 ὥς
345 1464 392 1507 ἐκ
421 1467 510 1507 τῶν
516 1465 637 1562 βιιέλ
641 1465 840 1518 ιοθηκών
869 1460 1108 1516 Διοδώρου
1136 1484 1195 1496 -·
1223 1463 1341 1507 ε’στιν
1370 1461 1540 1523 ευρεῖν.

254 1521 484 1564 Africanus
512 1520 560 1562 in
627 1520 746 1561 useb.
774 1519 928 1576 Praep.
960 1517 1132 1576 Euang.
1155 1519 1212 1564 X.
1241 1535 1287 1578 Ρ.
1309 1522 1405 1569 488,

725 1641 938 1688 XXXIII

254 1748 448 1799 Πολλαΐς
485 1744 670 1800 ὕστερον
697 1747 866 1800 γενεαῖς
893 1743 1098 1815 Δωριεύς
1127 1742 1152 1788 ὁ
1183 1745 1534 1815 Λακεδαιμόνιος

141 1803 415 1876 καταντήσας
435 1803 495 1854 εἰς
509 1802 720 1846 Σικελίαν
740 1801 815 1845 καὶ
833 1801 913 1870 τὴν
930 1800 1080 1856 χώραν
1101 1799 1362 1871 ἀπολαβών,
1393 1804 1533 1850 ε’κτισε

77 1859 88 1875 ““
141 1860 272 1905 πόλιν
295 1860 566 1931 Ἡράκλειαν.
593 1874 702 1928 ταχυ
728 1855 772 1902 δ’
802 1855 938 1930 αὐτῆς
960 1857 1213 1915 αὐξομένης,
1244 1861 1287 1902 οἱ
1305 1862 1533 1917 Καρχηδό-

140 1935 232 1961 νιοι
273 1916 578 1973 φθονήσαντες
615 1913 708 1983 ἅμα
743 1913 819 1959 καὶ
861 1913 1135 1983 φοβηθέντες
1174 1915 1341 1971 μήποτε
1380 1923 1534 1963 πλεῖον

141 1974 356 2045 ἰσχύσασα
391 1977 469 2031 τῆς
499 1969 788 2028 Καρχηδόνος
816 1969 1041 2041 ἀφέληται
1078 1975 1166 2014 τῶν
1198 1975 1422 2016 Φοινίκων
1450 1977 1531 2032 τὴν
1589 1976 1617 2018 5

140 2030 403 2100 ἡγεμονίαν,
443 2031 783 2084 στρατεύσαντες
812 2026 884 2070 ἐπ’
917 2025 1059 2083 αὐτὴν
1087 2027 1292 2098 μεγάλαις
1322 2031 1536 2103 δυνάμεσι

141 2088 216 2132 καὶ
245 2085 355 2131 κατὰ
383 2085 545 2139 κράτος
563 2085 730 2135 ἑλόντες
750 2083 1041 2135 κατέσκαψαν.
1073 2084 1183 2128 ἀλλα
1213 2087 1313 2139 περὶ
1334 2104 1414 2158 μεν
1432 2088 1533 2133 τού-

142 2160 232 2189 των
259 2143 313 2187 τά
343 2144 454 2187 κατά
474 2143 606 2199 μέρος
626 2141 673 2184 ἐν
691 2145 784 2193 τοῖς
804 2141 985 2192 οἰκείοις
1003 2139 1184 2198 χρόνοις
1204 2140 1533 2204 ἀναγράψομεν.

254 2201 479 2245 Diodorus
498 2200 575 2244 IV.
605 2205 676 2246 23.

732 2321 943 2394 XXXIV.

146 2427 327 2472 Γέλωνα
356 2425 672 2497 Συρακούσιον
701 2427 803 2472 καθ’
835 2426 1013 2477 ὕπνους
1041 2425 1088 2470 δὲ
1114 2426 1314 2496 βοῶντα,

144 2482 447 2540 κεραυνοβλης
475 2501 558 2555 γαρ
588 2484 735 2538 ε’δοξεν
765 2484 954 2555 ὀνείροις
981 2481 1239 2553 γεγονέναι,

145 2541 170 2584 ὁ
202 2541 323 2585 κύων
354 2540 695 2611 θορυβούμενον
726 2539 923 2613 ἀμέτρως
950 2539 1085 2595 γνοὺς
1113 2538 1308 2593 ἐκεῖνον,

146 2600 438 2642 καθυλακτῶν
469 2596 551 2640 οὐκ
581 2597 754 2655 ε’ληξεν,
783 2598 864 2649 ἕως
893 2596 1049 2667 ἐγείρει
1077 2600 1249 2640 τοῦτον.

148 2659 310 2698 τοῦτον
339 2653 517 2705 ἐξέσωσέ
547 2670 651 2699 ποτε
678 2656 753 2699 καὶ
782 2653 915 2705 λύκος
944 2652 991 2696 ἐκ
1021 2651 1237 2697 θανάτου.
1596 2652 1624 2696 5

151 2715 287 2780 σχολῇ
318 2711 686 2780 προςκαθημένου
718 2711 802 2781 γὰρ
834 2712 894 2754 ἔτι
923 2711 1106 2753 παιδίου
1135 2708 1263 2761 ὄντος

149 2766 285 2818 λύκος
315 2767 459 2810 ελθών
491 2765 718 2823 άφήρπαζε
750 2768 831 2838 τὴν
866 2765 1018 2809 δέλτον
1047 2765 1128 2821 τὴν
1156 2767 1339 2809 ἐκείνου.

152 2827 237 2868 τοῦ
266 2824 312 2869 δὲ
342 2823 593 2880 δραμόντος
622 2825 734 2883 πρὸς
756 2822 894 2868 αὐτὸν
914 2822 991 2866 τὸν
1015 2822 1156 2867 λύκον
1179 2839 1254 2868 και
1274 2820 1356 2876 τήν
1377 2817 1540 2864 δέλτον.
