1968 3346
435 240 493 282 90
692 234 991 278 EXCERPTA
1020 235 1307 279 VATICANA
1334 237 1383 279 L.
1405 237 1559 281 XXXI.

436 344 622 399 τωτὲρα·
663 343 820 396 πάντες
847 345 931 402 γὰρ
963 344 1268 402 ἀποδεχόμεθα
1296 348 1401 399 τούς
1430 348 1628 400 ἐπιεικῶς
1654 350 1817 406 χρωμέ-

436 419 547 454 νους
567 407 658 454 ταῖς
681 402 916 454 ἐξουσίαις,
946 404 1277 459 προςκόπτομεν
1308 404 1354 448 δὲ
1382 410 1473 456 τοῖς
1500 412 1722 461 προπετῶς
1740 407 1817 458 τὰς

435 458 636 510 κολάσεις
674 459 949 529 λαμβάνουσι
992 460 1112 515 παρὰ
1155 464 1244 503 τῶν
1281 460 1609 505 υποπεσόντων.
1663 463 1815 519 διόπερ

437 514 611 571 ὁρῶμεν
649 515 755 566 τούς
792 515 870 572 μὲν
912 516 1021 570 πρὸς
1051 516 1103 562 τὰ
1142 515 1372 572 παράδοξα
1401 522 1478 576 τῇς
1514 518 1646 575 τύχης
1674 524 1873 570 καλῶς79

405 571 802 641 5τεθησαυρικότας
824 573 902 623 τοὶς
919 573 1095 629 χάριτας
1117 573 1238 627 παρὰ
1266 579 1358 625 τοῖς
1388 578 1436 618 εὐ
1459 580 1678 627 παθοῦσι,
1707 593 1814 627 τους
1833 592 1858 624 b

435 629 483 672 δὲ
514 627 568 672 οὐ
599 628 736 684 μόνον
765 629 812 672 ἐν
840 635 934 681 ταῖς
963 630 1179 681 ἐναντίαις
1201 629 1501 683 περιστασεσιν
1527 630 1686 701 ὁμοίαν
1711 632 1817 676 dao-

433 685 738 757 λαμβανοντας
759 690 973 754 τιμωρίαν
993 685 1120 758 amovi⁷
1137 691 1224 730 τῶν
1254 686 1674 759 ἄννωμονηθέντων,
1706 687 1816 732 ἀλλὰ

433 743 507 785 καὶ
536 743 614 785 τὸν
643 741 799 785 κοινόν
810 743 936 812 πρὸς
970 743 1074 794 τοὺς
1102 742 1360 794 ἐπταικότας
1390 744 1510 788 ἔλεον
1540 744 1708 788 ἑαυτῶν
1738 761 1816 789 πα-

434 797 722 867 ρῃρημένους.
764 816 818 842 ου
849 799 932 855 γὰρ
965 802 1139 843 δίκαιον
1176 800 1256 844 τὸν
1294 800 1364 843 ἐπὶ
1401 805 1490 844 τῶν
1525 800 1668 845 ἄλλων
1698 800 1815 846 ἀπει-

376 853 631 909 ῙΟπαμενον
654 859 801 898 πᾶσαν
830 859 1172 911 φιλανθρωπίαν
1203 855 1340 900 αὐτὸν
1369 857 1417 900 ἐν
1445 855 1566 913 μέρει
1594 859 1816 913 περιπταί-

433 922 572 955 σαντα
602 928 831 968 τυγχανειν
867 917 941 968 τῆς
979 929 1097 968 παρα
1137 916 1227 956 τῶν
1258 913 1543 969 κρατούντων
1573 914 1812 966 ἐπιεικείας.

430 970 576 1012 καίτοι
604 985 652 1023 γε
689 969 843 1012 πολλοὶ
880 972 942 1026 τῷ
972 969 1146 1025 μεγέθει
1172 974 1250 1027 τῆς
1288 970 1399 1014 κατὰ
1434 987 1525 1014 των
1555 970 1728 1027 ἐχθρων
1756 989 1816 1014 τι-

431 1026 600 1081 μωρίας
637 1014 930 1095 σεμνύνεσθαι
965 1030 1206 1098 τολμῶσιν,
1247 1025 1303 1070 οὐ
1340 1026 1647 1097 προςηκόντως
1683 1031 1816 1072 τοῦτο

431 1085 687 1134 ποιοῦντες·
732 1083 774 1126 τί
808 1081 895 1139 γὰρ
934 1083 1136 1140 λαμπρόν
1171 1083 1200 1140 ἢ
1236 1083 1346 1140 μέγα
1379 1084 1430 1127 τὸ
1468 1083 1574 1136 τούς
1601 1083 1818 1136 πεσόντας

569 1198 628 1250 99.
651 1196 686 1231 5.
720 1194 1053 1241 τεθησαυρικότας]
1085 1195 1354 1242 τεθανρικότας
1379 1198 1434 1234 ed.
1457 1200 1560 1234 Rom.
1593 1204 1632 1233 et
1654 1211 1735 1234 mox
1757 1195 1816 1234 εὕ-

476 1243 707 1326 παθίέὶῖὶῗιὶῖέ,
740 1287 878 1332 οῦντες]
904 1289 1030 1334 incipit
1054 1289 1185 1324 codicis
1209 1301 1244 1338 p.
1264 1288 1342 1325 125.

429 1401 617 1444 „dienses,
649 1399 885 1445 legationibus
917 1400 1073 1436 Romam
1104 1412 1208 1445 saepe
1235 1401 1369 1446 missis,
1403 1400 1440 1435 id
1471 1401 1608 1435 bellum
1637 1402 1727 1436 inter
1757 1413 1818 1437 eos

429 1458 682 1491 „componere.
733 1447 803 1480 Sed
827 1446 888 1479 ubi
918 1447 986 1481 ista
1018 1447 1215 1492 pacificatio
1238 1448 1432 1491 perpetrari
1457 1447 1631 1492 nequivit,
1662 1449 1772 1482 verba
1794 1459 1818 1483 a

429 1494 637 1537 „plerisque
671 1493 933 1527 Rhodiensibus
964 1493 1002 1526 in
1035 1493 1259 1527 concionibus
1292 1505 1414 1528 eorum
1445 1495 1490 1528 ad
1523 1494 1690 1537 populum
1720 1495 1817 1528 facta

428 1543 563 1583 „sunt,
596 1543 635 1573 ut
658 1539 688 1573 si
719 1550 790 1581 pax
820 1550 888 1572 non
911 1540 1029 1581 fieret,
1063 1540 1282 1573 Rhodienses
1313 1551 1435 1585 regem
1460 1541 1625 1574 adversus
1648 1541 1816 1584 populum

427 1597 646 1628 „romanum
677 1585 891 1619 adiutarent:
933 1585 992 1618 sed
1023 1586 1160 1619 nullum
1191 1597 1293 1630 super
1325 1598 1367 1620 ea
1398 1597 1437 1619 re
1469 1586 1648 1620 decretum
1681 1587 1816 1620 factum

428 1656 454 1674 „
465 1636 526 1666 est.
573 1631 619 1666 At
648 1631 711 1664 ubi
734 1632 855 1665 Perses
886 1630 1000 1665 vietus
1030 1636 1221 1675 captusque
1253 1635 1324 1674 est,
1359 1632 1576 1666 Rhodienses
1605 1631 1818 1675 pertimuere

428 1679 509 1720 „ob
541 1688 604 1718 ea,
640 1688 730 1721 quae
762 1678 972 1721 compluries
1001 1677 1038 1711 in
1072 1678 1230 1711 coetibus
1252 1678 1374 1721 populi
1403 1682 1485 1712 acta
1507 1678 1668 1720 dictaque
1699 1681 1823 1712 erantz‘

426 1725 665 1768 „legatosque
689 1724 842 1757 Romam
873 1724 1066 1766 miserunt,
1101 1723 1163 1768 qui
1193 1724 1429 1758 temeritatem
1455 1724 1673 1767 quorundam
1705 1735 1816 1767 popu-

427 1770 592 1811 „larium
629 1781 773 1806 suorum
806 1770 1100 1813 deprecarentur,
1143 1772 1177 1803 et
1215 1770 1321 1803 fidem
1355 1770 1607 1813 consiliumque
1637 1770 1815 1814 publicum

427 1840 452 1858 ,‚
463 1820 706 1860 expurgarent.
752 1816 878 1860 Legati
908 1819 1092 1859 postquam
1123 1816 1278 1849 Romam
1309 1819 1496 1857 venerunt,
1527 1819 1562 1849 et
1590 1815 1628 1849 in
1659 1819 1816 1849 senatum

429 1862 654 1903 „intromissi
677 1865 778 1903 sunt,
811 1861 996 1904 verbisque
1019 1861 1223 1905 suppliciter
1247 1873 1310 1905 pro
1334 1873 1398 1897 sua
1421 1873 1526 1895 eausa
1549 1861 1673 1903 factis,
1707 1873 1726 1895 e
1750 1873 1816 1894 cu-

428 1909 519 1949 „ria
542 1912 780 1949 excesseruut3
804 1908 991 1941 sententiae
1008 1907 1129 1952 rogari
1146 1911 1300 1951 coeptae,
1326 1919 1504 1951 quumque
1526 1907 1655 1952 partim
1678 1911 1817 1950 senato-

427 1966 543 1995 „rum
575 1955 618 1987 de
649 1954 906 1988 Rhodiensibus
939 1958 1187 1997 quererentur,
1226 1954 1387 1997 maleque
1418 1965 1479 1987 cos
1505 1954 1678 1988 animatos
1710 1953 1818 1987 fuisse

428 2024 453 2041 „
465 2001 638 2042 dicerent,
672 2001 874 2043 bellumque
904 2011 946 2033 eo
979 2000 1048 2033 illis
1082 1999 1282 2033 faciendum
1317 2003 1515 2040 censerent3
1546 2003 1623 2033 tum
1653 1999 1704 2032 Μ.
1730 1999 1816 2034 Cato

428 2070 453 2088 „
463 2045 639 2090 exsurgit,
665 2049 699 2079 et
722 2046 873 2089 optimos
895 2044 1148 2089 fidissimosque
1171 2046 1283 2080 socios
1306 2046 1486 2080 defensum
1509 2048 1817 2088 conservatumque

428 2116 453 2134 ,‚
465 2092 600 2136 pergit,
631 2092 894 2135 orationemque
924 2092 1091 2125 inclutam
1115 2091 1220 2133 dicit,
1254 2102 1343 2135 quae
1365 2091 1531 2134 inscripta
1554 2095 1605 2125 est
1626 2102 1692 2134 pro
1714 2092 1816 2124 Rho-

429 2138 684 2180 „diensibus.“
731 2138 814 2170 Eius
838 2137 1045 2180 principium
1078 2141 1147 2171 est:
1180 2138 1256 2170 Scio
1280 2139 1391 2171 solere
1419 2138 1590 2181 plerisque
1625 2136 1816 2170 hominibus

429 2185 530 2217 rebus
553 2184 710 2217 secundis
733 2189 837 2227 atque
859 2184 1002 2226 prolixis
1034 2189 1137 2227 atque
1166 2184 1341 2227 prosperis
1364 2184 1517 2217 animum
1540 2182 1724 2224 excellere,
1756 2194 1816 2215 sa·-

426 2230 586 2274 perbz'am
630 2235 734 2273 atque
770 2230 942 2272 ferociam
988 2240 1175 2273 augescere
1219 2234 1323 2273 atque
1364 2240 1536 2272 crescere,
1589 2228 1681 2272 quod
1729 2227 1817 2262 mihi

429 2288 519 2309 nunc
550 2286 704 2320 magnae
730 2286 833 2307 curae
858 2280 930 2316 est,
964 2276 1048 2318 quia
1072 2275 1158 2307 haec
1181 2286 1236 2308 res
1259 2280 1333 2309 tam
1365 2275 1510 2308 secunde
1533 2274 1719 2318 processit,
1753 2285 1816 2307 ne-

429 2322 514 2366 quid
544 2322 581 2354 in
605 2321 808 2354 consulendo
835 2321 975 2354 adversi
1008 2321 1163 2361 eveniat,
1198 2321 1288 2364 quod
1310 2326 1446 2354 nostras
1467 2320 1636 2354 secundas
1657 2331 1712 2353 res
1735 2331 1817 2353 con-

425 2371 543 2412 futet:
577 2378 663 2400 neve
687 2367 772 2399 haec
798 2367 934 2400 laetitia
957 2367 1058 2400 nimis
1093 2367 1265 2400 luxuriose
1297 2367 1446 2400 eveniat.
1490 2366 1668 2399 Adversae
1699 2377 1754 2399 res
1777 2376 1816 2399 se

431 2414 574 2447 domant
600 2419 631 2446 et
657 2413 777 2446 docent
801 2413 882 2456 quid
906 2424 988 2456 opus
1011 2413 1056 2446 sit
1071 2415 1191 2456 facto.-
1215 2413 1385 2445 secundae
1407 2423 1462 2445 res
1481 2411 1623 2446 laetitia
1637 2415 1816 2445 transvor-

430 2471 506 2493 sum
530 2460 669 2493 ιη’·ιιιίεισ
693 2460 801 2492 solent
826 2470 849 2491 a
871 2463 963 2492 recle
987 2458 1190 2492 consulendo
1215 2463 1321 2501 atque
1343 2458 1584 2502 intelligendo.
1636 2457 1711 2499 Quo
1736 2468 1815 2490 ma-

430 2506 503 2539 iore
526 2517 626 2549 opere
651 2506 745 2538 edico
768 2504 983 2548 suadeoque,
1006 2505 1059 2538 uti
1082 2505 1167 2538 haec
1182 2515 1236 2537 res
1255 2505 1385 2548 aliquot
1401 2505 1474 2537 dies
1490 2505 1708 2547 proferatur,
1731 2502 1815 2536 dum

432 2563 473 2585 cx
497 2556 595 2585 tanto
626 2551 759 2596 gaudio
791 2550 829 2583 in
858 2555 1065 2593 potestatem
1088 2554 1241 2584 nostram
1270 2551 1452 2584 redeamus
1469 2555 1535 2582 etc.
1581 2548 1679 2581 Tum
1701 2548 1816 2593 pergit

432 2597 569 2631 Gellius
592 2598 635 2630 de
658 2597 790 2630 Catone
814 2595 939 2628 dicere
987 2597 1168 2638 „Summa
1202 2606 1268 2639 ope
1299 2595 1422 2629 nititur
1443 2598 1484 2629 ut
1505 2605 1611 2628 causa
1633 2594 1814 2627 Rhodien-

431 2669 454 2686 ‚,
446 2643 575 2684 ,sium‚
607 2654 756 2686 quorum
780 2641 971 2675 amicitiam
995 2642 1138 2676 retineri
1163 2653 1204 2678 ex
1228 2651 1300 2685 rep.
1335 2641 1428 2683 fuit,
1461 2644 1522 2674 aut
1545 2650 1657 2683 aequa
1679 2639 1816 2674 iudica·
1873 2653 1877 2657 ’
1917 2666 1918 2675 ,

430 2694 580 2732 ‚,retur,
604 2693 664 2722 aut
688 2687 829 2731 quidem
851 2693 944 2720 certe
968 2688 1181 2731 ignoscenda
1203 2691 1272 2721 etc.
1306 2687 1482 2721 Interdum
1505 2686 1605 2729 quasi
1628 2685 1816 2728 deliquisse

430 2746 521 2777 „eos
552 2735 739 2775 concedat,
772 2733 908 2777 ignosci
923 2734 1108 2786 postulat,
1142 2738 1178 2768 et
1208 2732 1442 2777 ignoscentias
1471 2732 1572 2766 utiles
1603 2742 1678 2765 esse
1709 2731 1815 2764 rebus

429 2780 626 2823 „humanis
648 2759 767 2813 doce’t.
802 2791 844 2813 ac
867 2778 935 2812 nisi
956 2778 1163 2823 ignoscant,
1194 2782 1307 2814 metus
1337 2778 1374 2814 in
1406 2789 1480 2821 rep.
1503 2788 1621 2811 rerum
1644 2787 1816 2810 novarum

432 2830 603 2869 „movet
637 2826 696 2859 sed
722 2825 816 2858 enirn
839 2837 890 2857 co·
883 2828 980 2866 atra,
1013 2825 1043 2858 si
1067 2825 1306 2869 ignoscestur,
1331 2826 1576 2861 conservatum
1600 2822 1646 2858 iri
1669 2821 1816 2860 ostendit

436 2872 584 2916 „populi
608 2872 747 2907 romani
771 2871 1048 2917 magnitudinem
1070 2877 1138 2908 etc.
1147 2874 1171 2891 ‘⁶
1203 2870 1303 2906 MAI.
