1968 3346
389 233 446 272 60
652 227 950 272 EXCERPTA
978 228 1264 273 VATICANA
1291 231 1340 273 L.
1362 230 1516 276 XXIV.

592 340 691 384 1’Ότι
728 344 809 384 τοῦ
834 338 1037 392 Ἀμίλκου
1075 340 1391 413 διαταξαμένου
1430 341 1487 399 μὴ
1518 344 1825 399 διαρπάζειν53

389 414 495 448 τους
504 343 798 452 ΙΙστρατιώτας
830 397 1091 453 Ουοδόστωρ
1132 396 1213 441 οὐκ
1248 400 1451 471 ἐπείσθη
1470 401 1543 443 καὶ
1578 402 1770 454 πολλοὺς

390 453 578 510 ἀπέβαλε
616 459 705 497 τῶν
743 467 1030 507 στρατιωτων
1071 454 1212 505 ου’τως
1242 455 1289 498 ἐν
1327 455 1457 498 παντὶ
1486 461 1624 514 καιρῷ
1657 470 1769 514 συμ-

388 514 490 566 βαίτ
493 528 529 553 ει
567 512 646 566 τὴν
686 509 887 562 εὐταξίαν
927 513 1146 581 γίνεσθαι
1167 510 1365 582 μεγαλων
1395 511 1578 567 οἷγαθων
1608 516 1767 567 αἰτίαν,

359 567 495 617 5ὤςθ’
530 569 574 609 οἱ
601 568 680 635 μὲν
709 569 827 620 πεζοὶ
857 566 1229 637 προγεγενημένης
1250 567 1479 639 εὐημερίας
1507 569 1769 640 τηλικαύτης

387 623 467 678 οὐχ
502 624 567 667 ὅτι
600 622 739 679 μόνον
756 624 930 693 ταύτην
960 623 1205 678 α”νέτρεψαν
1235 624 1342 669 ἀλλα
1373 625 1448 669 καὶ
1474 626 1631 678 πάντες
1660 628 1769 671 έκιν-

386 680 605 723 δυ’νευσαν
633 680 894 732 απολέσθαι,
927 683 970 724 οἱ
1000 681 1044 724 δὲ
1076 684 1217 732 ἱππεῖς
1246 680 1298 725 οὐ
1329 683 1508 733 πλείους
1528 686 1768 727 διακοσίων

384 736 505 806 ὄιτες
536 736 590 781 οὐ
624 736 764 791 μόνον
792 737 974 788 έαυτους
1010 737 1225 782 διέσωσαν
1255 737 1364 784 ἄλλα
1393 739 1468 784 καὶ
1496 745 1588 793 τοῖς
1619 739 1768 793 ἄλλοις

381 793 462 851 τὴν
493 792 736 850 ἀσφάλειαν
764 794 1109 849 παρεσκεύασαν.

328 886 382 926 10
484 878 584 921 Ὀτι
609 876 810 949 ’Λμίλκας
840 878 999 934 έπεμψε
1028 879 1221 935 κήρυκας
1248 881 1348 936 περὶ
1376 884 1452 937 τῆς
1476 883 1567 925 τῶν
1593 884 1768 937 νεκρῶν

383 933 655 990 ἀναιρέσεως.
689 935 712 979 ὁ
737 936 822 979 δὲ
801 936 968 986 ν’πατος
982 936 1259 989 Φουνδάνιος
1280 938 1475 983 ἐκέλευσε
1496 942 1587 989 τοῖς
1605 938 1768 994 ἥκουσι

381 993 440 1062 μὴ
469 993 572 1042 τούς
611 1009 798 1047 νεκρους
835 992 944 1038 αλλα
976 992 1079 1044 τοὺς
1117 998 1303 1046 ζῶντας,
1349 997 1385 1038 εἰ
1425 998 1539 1039 νοῦν
1576 995 1765 1050 ἔχουσιν,

380 1048 694 1100 υποσπόνδους
727 1052 953 1093 αἰτεισθαι.
985 1048 1276 1120 ὑπερηφάνου
1306 1052 1385 1107 μὲν
1416 1054 1500 1095 οὐν
1528 1052 1767 1120 γενομένης

380 1111 457 1162 τῆς
488 1105 757 1159 ἀποκρίσεως
795 1108 927 1157 οὗτος
958 1105 1011 1150 οὐ
1043 1113 1133 1157 τοῖς
1161 1112 1370 1176 τυχοῦσιν
1400 1107 1668 1163 έλαττωμασι
1695 1124 1766 1153 πε-

327 1163 578 1218 15ριέπεσεν
616 1162 777 1214 εὐθύς,
825 1163 929 1214 ω’ςτε
968 1168 1148 1214 πολλοῖς
1187 1164 1310 1216 δόξαι
1347 1164 1429 1220 τὴν
1468 1167 1766 1222 μεγαλαυχίαν

381 1220 624 1275 τετευχέναι
653 1224 729 1276 τῆς
761 1236 878 1276 παρα
909 1224 988 1264 τοῦ
1019 1222 1252 1277 δαιμονίου
1281 1221 1505 1277 νεμέσεως.

493 1335 561 1374 III.
589 1332 688 1376 “’Ότι
707 1337 787 1376 τοῦ
812 1333 1098 1376 Φουνδανίου
1117 1333 1214 1387 περὶ
1235 1350 1314 1390 της
1326 1350 1416 1378 των
1436 1349 1608 1404 νεκρων
1622 1335 1765 1389 ταφῆς

379 1387 714 1441 ἀποστείλαντος
750 1388 946 1460 κήρυκας
975 1389 1153 1461 Βάρκας
1191 1391 1308 1435 πολύ
1344 1389 1664 1461 κεχωρισμένην
1684 1394 1766 1458 τῆς

377 1447 755 1503 προγεγενημένης
795 1445 1021 1503 ἀπόφασιν
1051 1445 1298 1515 ἐποιήσατο.
1340 1449 1485 1516 φήσας
1521 1448 1604 1503 γὰρ
1634 1462 1766 1502 μαχε-

320 1508 489 1548 ΞΟσθαι
517 1521 597 1559 μεν
627 1509 718 1555 τοῖς
749 1507 871 1556 ζῶσι,
910 1502 1194 1550 διαλελύσθαι
1224 1506 1271 1549 δὲ
1299 1504 1411 1561 πρὸς
1438 1504 1544 1555 τούς
1571 1507 1764 1548 τετελευ-

377 1561 562 1617 τηκότας
595 1561 868 1619 συνεχώρησε
897 1559 975 1616 τὴν
1003 1576 1162 1617 ταφην.

484 1643 581 1689 Ἐπι
619 1652 835 1689 τοσοῦτον
872 1643 961 1714 γιέρ
999 1645 1167 1713 προέβη
1192 1649 1283 1719 τῆς
1322 1642 1623 1715 ἀνδραγαθίας
1660 1644 1765 1695 ωςτε

375 1720 449 1747 και
474 1703 579 1754 τοὺς
605 1704 875 1771 στρατηγούς
906 1699 1072 1753 αὐτους
1091 1701 1203 1758 παρ’
1236 1701 1498 1772 ἀμφοτέροις
1519 1700 1764 1756 αριστεύειν

375 1760 450 1803 καὶ
479 1777 568 1802 των
597 1758 821 1803 κινδύνων
851 1764 1247 1826 προκαθηγεῖσθαι.
1280 1759 1390 1802 ἔνθα
1420 1758 1474 1815 δή
1506 1757 1764 1814 συνέβαινεν

317 1816 632 1872 25οἷλογώτατα
651 1815 792 1886 πάθη
829 1820 921 1866 τοῖς
958 1814 1150 1886 ἀρίστοις
1186 1821 1276 1860 τῶν
1307 1816 1485 1870 ἀνδρῶν
1513 1815 1662 1858 ἐνίοτε.
1719 1830 1763 1858 οι

374 1874 460 1929 γὰρ
491 1879 585 1925 ταῖς
616 1871 844 1929 εὐψυχίαις
869 1871 1150 1943 ὑπερέχοντες
1169 1877 1256 1919 τῶν
1278 1870 1616 1941 ανθεστηκότων
1633 1886 1760 1914 κατα·
1772 1878 1819 1917 54

375 1931 591 1988 δυομένης
629 1934 704 1987 τῆς
743 1932 856 1981 ἰδίας
895 1930 1002 1986 νηὸς
1037 1928 1295 1986 ηλίσκοντο,
1334 1934 1429 1982 ταῖς
1468 1929 1548 1985 μὲν
1588 1926 1761 1985 ἀρεταῖς

509 2058 647 2091 6010.
681 2054 845 2100 ἔπεμψεν
870 2063 905 2090 et
930 2055 982 2091 14
1010 2054 1199 2098 περιέπεσε
1225 2056 1278 2089 ed.
1297 2058 1400 2091 Rom.

513 2105 652 2137 6Ο.16.
687 2101 904 2146 τετευχέναι]
931 2101 1120 2146 τετυχέναι
1140 2104 1194 2136 ed.
1216 2105 1318 2137 Rom.

511 2150 567 2182 60.
593 2148 650 2182 24.
684 2161 764 2183 συν
757 2148 909 2195 ’βαινεν]
932 2148 1124 2205 συνέβαινε
1143 2150 1197 2182 ed.
1209 2150 1310 2183 Rom.
1330 2153 1365 2181 et
1384 2152 1486 2180 antea
1503 2144 1573 2181 τοῦ
1587 2156 1652 2191 pro
1669 2143 1758 2182 ‘3032'-

511 2198 568 2230 60.
591 2196 648 2230 26.
685 2194 895 2240 εὖψυχίαις]
920 2193 1108 2239 εὐτυχίαις
1136 2196 1190 2229 ed·
1216 2196 1317 2229 Rom.

462 2308 520 2343 60.
546 2308 580 2342 3.
620 2309 764 2343 cladem
794 2309 888 2343 hano
921 2308 1075 2342 evenisse
1105 2310 1189 2352 puto
1223 2305 1314 2340 intra
1345 2305 1434 2340 iilud
1456 2302 1656 2346 biennium,
1688 2313 1759 2347 quo

371 2355 415 2390 ad
434 2356 507 2399 Er)
510 2367 585 2387 cem
610 2359 806 2399 pugnatum
829 2366 904 2388 esse
926 2355 1023 2388 testis
1046 2358 1097 2388 est
1121 2354 1207 2397 Poly
1205 2353 1290 2386 bins
1308 2350 1535 2386 1.58.1am
1557 2349 1760 2384 Vodostoris

369 2402 662 2445 carthaginiensis
693 2401 898 2434 memoriam
931 2402 1064 2434 nuliam
1097 2399 1223 2434 inveni.
1265 2399 1365 2432 MAI.
1413 2397 1484 2440 Qui
1513 2397 1660 2430 eundem
1682 2407 1758 2429 esse

369 2459 473 2490 quem
498 2449 654 2480 Boodem
679 2459 701 2481 a
723 2447 872 2492 Polybio
897 2447 923 2481 1.
956 2448 1012 2481 21.
1046 2447 1081 2481 6.
1114 2449 1346 2480 memoratum
1376 2443 1573 2478 hariolatur
1603 2443 1649 2477 ad
1670 2441 1756 2475 Dio-

369 2505 448 2527 nem
472 2506 505 2535 p.
527 2494 606 2529 183.

462 2540 518 2572 (io.
545 2553 580 2574 ῡ.
622 2539 799 2574 Sententia
822 2539 910 2571 haec
932 2539 975 2571 de
998 2536 1161 2571 militans
1190 2537 1241 2569 di
1237 2537 1297 2579 cip
1301 2536 1392 2570 linae
1415 2534 1546 2569 ordini
1531 2545 1617 2577 sque
1638 2543 1756 2567 ncces-

369 2586 473 2619 sitate
496 2589 590 2618 extat
614 2585 648 2618 in
673 2587 800 2629 fragm.
828 2585 927 2618 editis
944 2584 1047 2618 huius
1072 2584 1154 2617 libri
1176 2585 1304 2617 XXIV.
1329 2595 1362 2625 p.
1378 2582 1457 2617 509.
1504 2581 1604 2616 Nunc
1626 2590 1755 2624 cogno-

367 2632 496 2666 scimus
521 2632 651 2664 dictam
676 2632 780 2664 fuisse
804 2632 848 2664 ob
875 2631 1075 2664 indostoris
1099 2630 1245 2663 cladem.
1280 2628 1379 2664 MAI.

460 2676 887 2720 εῐθ.11.Φουιᾶάυιος]
915 2678 1141 2709 Cmsulatum
1161 2675 1220 2708 hic
1237 2675 1344 2719 gessit
1361 2684 1450 2708 anno
1465 2675 1545 2707 ante
1563 2670 1754 2713 Lutatium,

370 2735 438 2768 quo
464 2725 603 2756 dunum
627 2724 769 2756 consule
791 2724 923 2756 beilum
947 2723 1110 2766 punicum
1135 2722 1346 2755 debellatum
1369 2721 1449 2754 fuit.
1482 2718 1581 2752 MAI.

461 2770 516 2803 (ιθ.
542 2771 598 2804 21.
633 2769 847 2803 Hamilcaris
870 2770 1024 2810 Barcae,
1059 2768 1119 2810 qui
1151 2772 1250 2811 pater
1280 2766 1403 2811 magni
1435 2762 1645 2799 Hannibalis
1675 2761 1754 2803 fuit,

369 2816 554 2859 prudentia
576 2819 610 2849 et
634 2815 827 2849 moderatio
860 2815 944 2848 satis
973 2818 1025 2848 est
1056 2814 1138 2846 illus
1141 2814 1203 2849 tris
1233 2814 1324 2859 apud
1353 2813 1538 2859 plerosque
1568 2808 1755 2845 historicos

369 2862 582 2908 Diodorum,
607 2862 814 2908 Pubbium,
839 2861 1017 2906 Nepotem
1055 2860 1154 2897 MAI.
