1968 3346
428 235 512 277 192
758 227 1171 272 FRAGMENTA
1207 228 1255 272 L.
1284 226 1482 271 VI.-X.

429 342 729 402 regnavitque
747 340 882 383 annis
900 339 1068 383 duobus
1097 341 1154 383 de
1183 341 1398 398 triginta.
1442 339 1608 385 deinde
1632 341 1813 397 Tyrim-

346 406 401 449 15
429 417 528 444 mas
567 400 703 441 annis
739 398 881 440 tribus
923 413 1022 440 cum
1055 397 1385 456 quadraginta.
1453 405 1606 453 postea
1644 399 1815 441 Percli-

427 474 505 501 cas
539 457 674 498 annis
705 455 1018 512 quadraginta
1050 453 1232 495 dnobus.
1279 454 1352 496 liic
1375 452 1648 511 proferendi
1681 455 1816 511 regni

427 513 615 571 cupidus
652 512 928 568 legationem
954 510 1159 567 Delphos
1187 511 1323 552 misit.
1386 511 1432 552 T
1428 527 1503 551 nm
1521 513 1685 568 paucis
1713 527 1816 553 ver-

427 571 494 613 bis
517 568 792 625 interpositis
816 566 968 608 subdit
989 567 1258 623 regnavisse
1275 566 1526 609 Perclicam
1553 568 1687 609 annis
1716 575 1815 609 octo

429 636 473 671 et
495 625 830 684 qnadraginta,
865 624 922 665 ab
943 639 1078 680 eoque
1106 623 1379 679 dignitatem
1400 623 1464 665 acl
1481 623 1720 680 Argaenm
1740 624 1817 665 de—

345 691 402 732 20
430 684 632 726 venisse.-
662 697 789 738 qnem
807 696 950 736 regno
972 680 1107 721 annis
1127 680 1325 736 triginta
1343 692 1515 737 unoque
1526 679 1819 737 perfunctam

433 740 604 796 excepit
625 737 887 794 Philippus,
929 738 1049 777 cuius
1079 737 1317 792 regnantis
1342 736 1567 778 habentur
1589 737 1704 779 anni
1731 737 1820 778 tri-

428 798 567 855 ginta
597 803 701 838 tres.
739 795 840 835 lznic
864 793 1070 834 successit
1097 794 1308 849 Aeropas
1335 794 1471 834 annis
1498 794 1680 850 viginti.
1717 808 1821 834 mox

432 854 617 897 Alcetas
658 851 793 893 annis
834 850 1081 891 octodecim
1119 858 1294 906 sceptro
1329 850 1497 905 potitus
1530 858 1606 892 est.
1657 858 1822 906 postea

434 910 665 966 Amyntas
686 907 820 949 annis
839 922 1002 948 novem
1019 920 1119 947 cnm
1146 906 1467 963 quadraginta.
1498 908 1601 948 exin
1621 908 1825 949 Alexan-

350 972 406 1016 25
438 967 520 1008 der
536 966 670 1007 annis
693 972 884 1020 quatuor
904 970 944 1004 et
971 962 1303 1020 qnadraginta.
1343 962 1449 1004 ltine
1477 964 1692 1020 regnavit
1712 962 1827 1005 Per-

437 1023 565 1066 dicas
595 1022 730 1063 annis
753 1020 922 1077 viginti
946 1019 1126 1061 dnobus.

552 1077 763 1119 Eusebius
795 1092 839 1133 p.
863 1080 956 1119 169.
987 1076 1109 1117 cuius
1136 1073 1334 1116 tabulam
1354 1088 1515 1131 regum
1533 1074 1826 1125 Macedoniae,

437 1150 552 1193 quos
572 1149 615 1176 se
635 1149 737 1175 cum
763 1132 968 1174 Corinthi
1004 1139 1046 1173 et
1068 1132 1250 1187 Spartae
1277 1131 1454 1187 regibus
1487 1134 1711 1188 marisque
1741 1130 1827 1171 do-

437 1193 569 1235 minis
604 1206 627 1232 e
652 1190 851 1231 Diodoro
879 1188 1037 1245 petisse
1069 1188 1181 1229 dixit
1209 1203 1254 1243 p.
1287 1193 1405 1238 163„
1453 1189 1586 1245 posui
1611 1195 1828 1244 quatenus

438 1250 484 1291 in
506 1247 760 1305 superstites
783 1245 919 1286 libros
943 1260 1033 1286 non
1057 1244 1295 1295 incidebat,
1326 1244 1370 1285 id
1401 1252 1465 1285 est
1493 1245 1546 1286 ad
1576 1245 1828 1286 Perdiccam
1870 1282 1878 1289 ἢ

437 1320 592 1361 usque,
616 1303 738 1344 cuius
759 1301 894 1358 primi
915 1302 1030 1342 inter
1044 1300 1320 1344 Macedoniae
1334 1315 1455 1357 reges
1475 1302 1751 1345 mentionem
1765 1298 1830 1343 fe-

438 1363 497 1405 cit
525 1361 649 1418 quasi
677 1360 946 1419 praeteriens
977 1356 1077 1401 XII.
1107 1359 1177 1402 34.

1061 1479 1210 1524 XXII.

356 1601 410 1642 10
523 1582 714 1638 -[Περὶ
752 1580 851 1625 δύο
891 1578 1116 1636 ἀνδρῶν
1156 1579 1621 1636 ἄριστευσάντων
1660 1580 1716 1626 ἓν
1743 1594 1833 1624 πο-

439 1641 578 1697 λέμῳ
607 1640 696 1684 καὶ
728 1636 1162 1694 ἀγωνιζομένων
1190 1639 1312 1694 περὶ
1340 1639 1683 1693 πρωτείων.].
1707 1636 1834 1681 Μετοὶ

438 1698 573 1743 ταῦθ’
615 1696 638 1740 ὁ
670 1696 750 1752 μὲν
779 1694 985 1751 βασιλεὺς
1015 1693 1254 1751 ἀναλαβών
1289 1694 1448 1739 ἑαυτὸν
1489 1695 1536 1738 ἐκ
1575 1699 1666 1738 τῶν
1694 1710 1834 1752 τραν-

439 1754 589 1812 μάτων
628 1753 853 1808 προέθηκε
892 1753 1038 1806 κρίσιν
1080 1751 1318 1806 ἀριστείου.
1366 1752 1612 1808 κατέβησαν
1642 1750 1721 1807 μὲν
1750 1753 1834 1809 ορν

439 1813 510 1856 ἐπὶ
539 1810 618 1854 τὸν
656 1810 807 1864 ἀγῶνα
837 1807 942 1859 δύο,
982 1808 1194 1859 Κλέοννίς
1234 1825 1280 1851 τε
1309 1810 1382 1852 καὶ
1408 1807 1732 1864 Ἀριστομένης,
1772 1809 1837 1851 ὠν

360 1882 414 1926 15
445 1867 648 1922 ἑκάτερος
688 1864 800 1922 εἶχεν
840 1864 956 1908 ἴδιόν
997 1881 1039 1907 τι
1077 1864 1188 1919 πρὸς
1237 1864 1384 1916 δόξαν.
1435 1863 1460 1908 ὁ
1499 1864 1585 1921 γοὶρ
1627 1865 1836 1915 Κλέοννις

444 1925 748 1980 ὑπερασπίσας
776 1921 856 1965 τὸν
885 1922 1067 1977 βασιλέα
1095 1921 1353 1966 πεπτωκότα
1389 1926 1478 1965 τῶν
1507 1922 1837 1979 ἐπιφερομένων

448 1985 742 2036 Σπαρτιατῶν
772 1978 886 2022 ὀκτώ
915 1977 1098 2031 νεκρούς
1127 1978 1398 2035 ἐπεποιήκει·
1430 1979 1504 2022 καὶ
1524 1977 1697 2022 τούτων
1721 1981 1837 2034 ἦσαν

448 2038 530 2083 δύο
561 2036 770 2093 ἡγεμόνες
799 2035 1046 2091 ἐπιφανεῖς·
1094 2035 1274 2078 πάντων
1304 2036 1351 2079 δὲ
1389 2039 1480 2078 τῶν
1509 2034 1838 2089 ἀναιρεθέντων

446 2093 525 2139 ’ὑπ’
561 2093 700 2138 αὐτοῦ
729 2092 805 2144 τὰς
825 2093 1072 2142 πανοπλίας
1090 2091 1366 2143 ἐσκυλευκώς
1385 2091 1586 2136 ἐδεδώκει
1606 2097 1698 2142 τοῖς
1724 2090 1838 2136 ’ὑπα-

363 2171 419 2213 20
449 2157 673 2203 σπισταΐς,
722 2151 795 2192 ἴνα
837 2149 910 2204 ἔχῃ
951 2153 1108 2204 σημεῖα
1145 2153 1220 2204 τῆς
1258 2150 1372 2200 ἰδίας
1413 2148 1570 2203 ἀρετῆς
1607 2147 1719 2202 πρὸς
1757 2148 1839 2204 τὴν

447 2210 608 2264 κρίσιν.
657 2210 836 2257 πολλοῖς
869 2206 916 2248 δὲ
945 2204 1195 2259 περιπεσών
1226 2204 1476 2261 τραύμασιν
1512 2203 1675 2248 ἅπαντ’
1717 2205 1840 2261 ἔσχεν

447 2267 647 2315 ἐναντία,
702 2262 906 2322 μέγιστον
949 2261 1247 2318 παρεχόμενος
1294 2262 1527 2318 τεκμήριον
1564 2265 1646 2305 τοῦ
1683 2261 1840 2318 μηδενὶ

447 2326 538 2365 τῶν
567 2321 789 2374 πολεμίων
819 2319 940 2370 εἰξαι.
995 2317 1018 2361 ὁ
1051 2316 1095 2361 δ’
1123 2316 1428 2374 Ἀριστομένης
1462 2320 1512 2363 ἐν
1540 2322 1600 2375 τῷ
1629 2318 1729 2373 περὶ
1755 2320 1840 2362 τοῦ

363 2392 420 2437 25
449 2378 661 2435 βασιλέως
682 2374 820 2432 οΞγῶνι
849 2374 976 2418 πέντε
1005 2374 1086 2430 μὲν
1115 2373 1326 2432 ἀνῃρήκει
1349 2380 1439 2418 τῶν
1459 2376 1908 2431 Λακεδαιμονίων,638

447 2436 523 2480 καὶ
544 2434 621 2485 τοὶς
642 2434 885 2483 πανοπλίας
913 2430 1164 2476 έσκυλεύκει
1185 2435 1271 2474 τῶν
1299 2433 1521 2487 πολεμίων
1544 2431 1838 2488 ἐπικειμένων.

450 2493 525 2537 καὶ
554 2490 604 2535 τὸ
630 2490 710 2546 μὲν
738 2488 900 2533 ἑαυτοῦ
930 2492 1057 2544 σῶμα
1087 2486 1348 2544 διεφύλαξεν
1376 2488 1600 2545 ἄτρωτον,
1627 2488 1675 2533 ἐκ
1698 2488 1745 2533 δὲ
1765 2493 1844 2546 τῆς

449 2615 508 2650 14.
537 2614 754 2660 Tyr-immas]
779 2613 896 2647 Codex
919 2621 1008 2646 arm.
1032 2611 1113 2646 heic
1139 2612 1352 2654 Tyrimmm,
1385 2613 1445 2648 sed
1467 2612 1612 2647 inferius
1639 2613 1844 2659 Tyrimmas.

451 2663 549 2696 MAI.
679 2660 735 2693 16.
759 2659 910 2702 duobus]
936 2660 1020 2692 Mox
1044 2658 1197 2691 XLVIII.
1223 2659 1310 2691 MA'
1347 2658 1408 2693 Sic
1433 2663 1468 2693 et
1491 2660 1648 2694 subiecta
1671 2672 1844 2696 annorum

451 2709 580 2752 quibus
601 2706 730 2751 singuli
752 2717 852 2750 reges
876 2705 1091 2748 imperarunt
1114 2704 1328 2747 computatio
1483 2705 1539 2739 18.
1564 2707 1699 2751 subdit]
1734 2707 1842 2741 Scili-

453 2759 509 2788 cet
531 2755 677 2787 fortasse
701 2752 883 2786 Diodorus>
896 2755 956 2787 aut
976 2751 1165 2793 Dexippus,
1188 2750 1288 2784 MAI.
1427 2750 1486 2784 20.
1514 2752 1664 2800 triginta
1685 2754 1840 2799 unoque]

453 2799 636 2834 XXXVIII
662 2798 875 2840 computatio
1013 2797 1070 2834 21.
1095 2796 1236 2842 novem]
1263 2796 1295 2837 Π
1322 2797 1534 2844 computatio
1669 2798 1728 2837 26.
1758 2800 1841 2836 duo-

455 2846 538 2890 bus]
563 2846 614 2880 111
637 2844 851 2889 computatio
