1968 3346
337 202 637 246 EXCERP-TA
668 201 953 244 VATICANA
981 202 1029 244 L.
1052 201 1504 248 V11.—X.23

117 313 377 387 ὁμοφύλων
390 311 524 365 αὐτὸς
551 317 726 368 πρῶτος
754 312 964 383 ἐπειράθη
984 316 1065 358 τοῦ
1093 313 1308 383 μεγέθους
1337 319 1412 371 τῆς
1441 330 1501 357 τι-

73 412 81 416 -
114 374 306 442 μωρίας
335 373 377 415 οἱ
407 369 492 426 γὰρ
531 370 640 413 κατά
678 374 768 413 τῶν
797 369 939 413 ἄλλων
976 369 1291 438 βουλευόμενοί
1318 388 1361 414 τι
1389 375 1502 426 φαῦ-

114 433 194 472 λον
213 445 272 479 ως
290 427 449 470 ἐπίπαν
470 432 565 478 ταῖς
585 428 715 477 ἰδίαις
728 426 979 482 ἐπιθυμίαις
997 425 1207 470 εἰώθασιν
1225 427 1499 471 ἁλίσκεσθαι.

215 497 314 539 ΓΌτι
346 494 506 538 Σόλων
546 493 570 538 6
599 494 846 565 νομοθέτης
885 492 1120 546 παρελθων
1150 496 1210 545 εἰς
1240 495 1319 550 τὴν
1348 496 1498 551 ἐκκλη-

116 554 216 597 σίαν
239 551 472 604 παρεκάλει
497 567 604 601 τους
626 549 886 605 Ἀθηναίους
908 550 1142 595 καταλύειν
1170 551 1249 594 τὸν
1270 551 1500 622 ,τύραννον
1527 560 1556 602 5

113 610 218 679 πρὶν
257 609 408 658 τελέως
446 607 628 662 ἰσχυρόν
656 607 874 662 γενέσθαι.
916 604 1102 657 οὐδενός
1140 606 1186 650 δὲ
1225 606 1345 678 αύτῷ
1373 625 1500 660 προς-

117 666 292 721 έχοντος
321 663 555 732 ἀναλαβών
582 663 663 720 τήν
692 665 942 707 πανοπλίαν
972 668 1202 733 προῆλθεν
1220 666 1280 715 εἰς
1299 664 1379 720 τὴν
1398 663 1499 720 ἄγο-

57 735 100 769 21
117 723 201 775 ραν
228 719 517 790 γεγηρακώς,
535 721 609 763 καὶ
637 720 740 770 τοὺς
767 718 903 769 θεοὺς
932 719 1334 774 ἐπιμαρτυρόμενος
1368 721 1500 776 ἔφησε

113 779 189 822 καὶ
226 777 342 847 λόγῳ
383 778 456 822 καὶ
494 776 605 846 ἔργῳ
645 781 702 847 τῇ
729 778 905 829 πατρίδι
933 776 1257 849 κινδυνευούσῃ
1287 780 1500 843 βεβο-ηθη

113 835 238 878 κέναι
266 831 314 884 τό
347 833 444 876 κατ’
486 831 622 876 αὐτὸν
653 833 809 897 μέρος·
847 835 937 874 τῶν
967 833 1012 875 δὲ
1042 831 1183 888 ὄχλων
1215 832 1557 903 άγνοουντωνῐθ

114 889 197 945 τήν
228 889 465 946 ἐπιβουλὴν
486 889 803 944 Πεισιστράτου
834 888 995 957 συνέβη
1021 890 1099 932 τὸν
1121 889 1311 933 Σόλωνα
1332 888 1501 946 τάληθῆ

114 947 296 1017 λέγοντα
318 945 699 1000 παραπέμπεσθαι.
723 945 889 1000 λέγεται
920 945 965 988 δὲ
985 945 1145 989 Σόλων
1174 947 1246 989 καὶ
1276 951 1502 1000 προειπεῖν

114 1009 206 1054 τοῖς
233 1001 480 1059 Ἀθηναίοις
507 1003 588 1057 τήν
618 1002 829 1058 ἐσομένην
857 1004 1098 1055 τυραννίδα
1127 1001 1187 1047 δι’
1219 1003 1435 1061 ἐλεγείων,

199 1071 246 1114 ἐκ
274 1071 457 1125 νεφέλης
484 1067 655 1112 πέλεται
682 1069 830 1125 χιόνος
859 1070 989 1126 μένος
1016 1067 1105 1139 ηδὲ
1123 1070 1329 1127 χαλάζης,

312 1125 476 1182 βροντή
508 1125 550 1169 δ’
582 1126 628 1169 ἐκ
657 1130 860 1181 λαμπρᾶς
870 1128 1052 1196 ’γίνεται
1081 1125 1339 1184 ἀστεροπῆς.
1501 1134 1556 1178 15

199 1181 372 1238 ἀνδρῶν
402 1183 450 1226 ἐκ
479 1182 679 1237 μεγάλων
711 1182 838 1234 πόλις
866 1181 1066 1236 ὄλλυται,
1107 1185 1168 1235 εἰς
1195 1185 1241 1228 δὲ
1270 1184 1499 1242 μονάρχου

312 1242 449 1311 δῆμος
478 1238 648 1296 άϊδρείη
680 1238 958 1309 δουλοσύνην
988 1240 1148 1283 ἔπεσεν.

198 1298 317 1353 λείης
350 1294 392 1341 δ’
428 1282 633 1356 ἐξεραντα
661 1295 836 1351 ῥαίδιόν
865 1296 956 1348 ἐστι
983 1300 1213 1358 κατασχεῖν

251 1401 307 1441 23
333 1401 364 1435 8.
402 1397 528 1444 ἔφησε]
556 1397 628 1448 ἕηφ
632 1410 693 1434 σεν
717 1401 772 1434 ed.
795 1402 896 1434 Rom.

251 1447 308 1481 23.
335 1445 391 1482 14.
424 1445 595 1500 χαλάζης]
606 1413 708 1481 η.(]οᾶ
733 1444 934 1491 θαλάττης.
961 1446 1057 1481 ΜΑῘ.

250 1493 309 1526 23.
337 1493 389 1527 17.
423 1489 667 1536 δουλοσύνην]
695 1493 780 1526 Cod.
805 1492 1047 1537 δουλοσύνης
1080 1493 1176 1526 ΜΑῘ.

251 1537 607 1582 23.13.ἐ’ξεραντα]
632 1542 683 1572 lta
703 1540 884 1573 evidenter
903 1541 995 1581 cod„
1019 1540 1113 1584 quod
1133 1538 1338 1573 vocabulum
1352 1550 1422 1572 non
1437 1550 1501 1572 ex·-

161 1584 268 1627 plico.
318 1585 387 1616 Sed
412 1598 524 1630 neque
548 1583 728 1633 ἐξέρασμα
753 1587 838 1618 satis
864 1587 1036 1630 placebat.
1077 1586 1172 1618 MAI.
1221 1586 1255 1617 Si
1281 1584 1380 1628 λείης
1402 1587 1501 1617 inte-

163 1641 263 1672 grum
299 1637 376 1671 est,
409 1644 479 1664 non
514 1631 660 1664 difficile
694 1632 802 1663 fuerit
826 1640 1013 1675 corruptae
1041 1632 1122 1666 voci
1157 1632 1369 1664 substituere
1405 1631 1501 1674 quod

165 1687 241 1709 cum
265 1676 328 1708 illo
353 1684 433 1720 apte
456 1678 641 1732 iungatur,
676 1689 778 1720 quum
803 1689 871 1712 non
904 1679 1065 1711 videatur
1094 1678 1237 1714 dubium
1262 1689 1323 1721 pro
1349 1675 1501 1731 ῥαΐδιον

132 1758 135 1760 ,
163 1723 373 1754 sententiam
406 1734 553 1766 poscere
586 1719 631 1756 οὗ
663 1721 807 1767 ρηδιον.
864 1725 954 1756 Tum
986 1725 1138 1756 fortasse
1172 1723 1393 1756 scribendum
1429 1720 1500 1766 χρὴ

163 1766 247 1810 περὶ
278 1764 403 1802 πάντα
434 1770 546 1802 νοεῖν.
604 1769 785 1802 Caeterum
819 1769 968 1802 similem
1001 1769 1210 1802 sententiam
1245 1769 1282 1802 in
1321 1769 1401 1802 foro
1433 1771 1502 1801 de-

166 1814 292 1847 clamat
315 1815 422 1847 Solon
453 1815 546 1869 apud
577 1816 803 1848 Plutarchum
838 1828 867 1850 c.
894 1817 1015 1871 XXX.
1062 1815 1252 1857 προῆλθεν
1282 1814 1334 1854 εἰς
1361 1811 1502 1857 ἀγοράν

164 1857 228 1893 καὶ
255 1857 426 1903 διελέχθη
451 1859 544 1903 πρὸς
569 1872 658 1900 τους
684 1861 854 1915 πολίτας,
890 1859 936 1895 τά
960 1873 1028 1903 μεν
1052 1862 1209 1902 κακίζων
1230 1858 1298 1905 τὴν
1321 1859 1502 1916 ἀβουλίαν

164 1901 290 1939 αὐτῶν
314 1906 377 1939 καὶ
404 1909 612 1949 μαλακίαν,
646 1919 695 1940 τα
727 1905 767 1945 δὲ
793 1905 1012 1949 παροξύνων
1041 1905 1093 1942 ε’τι
1120 1919 1183 1941 και
1207 1907 1432 1956 παρακαλῶν
1449 1904 1502 1962 μὴ

163 1950 348 2006 προέσθαι
354 1951 442 2007 τὴν
456 1951 690 1996 ἐλευθερίαν·
725 1949 785 1988 ὅτε
803 1953 866 1986 καὶ
885 1952 928 1988 τὸ
947 1951 1274 2007 μνημονευόμενον
1295 1958 1417 1994 εἰπεν,
1453 1949 1504 1992 ὥς

163 2011 294 2042 πρωην
324 2011 391 2042 μεν
419 1999 464 2042 ἠν
495 1997 760 2055 εὐμαρέστερον
787 1996 894 2033 αὐτοι
899 2012 916 2039 ς
942 1999 984 2035 τὸ
1012 2000 1174 2034 κωλῦσαι
1200 1997 1269 2042 τήν
1298 2000 1505 2041 τυραννίδα

165 2044 451 2099 συνισταμένην,
485 2047 556 2079 νῦν
588 2045 627 2079 ὸὲ
653 2043 777 2088 μεῖζόν
807 2043 880 2079 ἐστι
906 2046 968 2080 καὶ
988 2044 1241 2090 λαμπρότερον
1260 2043 1417 2091 ἐκκόψαι
1442 2044 1505 2080 καὶ

165 2087 307 2127 ἀνελεῖν
325 2092 557 2126 συνεστῶσαν
577 2090 649 2136 ἤδη
667 2093 729 2133 καὶ
744 2095 967 2135 πεφυκυῖαν.

210 2181 267 2220 23.
292 2182 325 2216 6.
359 2183 459 2218 Haec
481 2183 588 2226 paulo
614 2182 717 2217 aliter
741 2183 834 2216 dicta
857 2184 1000 2217 fuerunt
1021 2183 1190 2226 superius.
1239 2181 1423 2215 Eiusmodi
1446 2192 1506 2215 re-

119 2227 301 2272 petitiones
333 2229 421 2262 alibi
453 2240 590 2272 quoque
615 2234 802 2262 occurrunt
824 2230 860 2262 in
889 2229 944 2262 his
967 2230 1139 2262 vaticanis
1161 2228 1339 2271 excerptis.
1387 2229 1505 2270 Quum

121 2273 556 2318 enim-Porphyrogenitus
575 2276 705 2308 Caesar
726 2275 879 2308 diversos
902 2275 1062 2308 homines
1085 2276 1128 2309 ad
1153 2276 1247 2308 hunc
1270 2275 1428 2308 laborem
1452 2273 1505 2306 in-

123 2321 287 2352 cumbere
310 2321 469 2362 iusserit,
494 2332 574 2354 mox
592 2332 714 2354 eorum
732 2321 878 2354 schedas
901 2322 935 2354 in
960 2333 1066 2354 unum
1086 2321 1301 2365 colligendas
1319 2319 1506 2361 curaverit,

120 2365 297 2398 interdum
322 2366 448 2399 accidit
472 2367 671 2409 (incautene
695 2378 739 2400 an
763 2367 806 2399 de
829 2367 1045 2410 industria?)
1078 2372 1116 2399 ut
1143 2367 1313 2409 quaedam
1330 2370 1506 2408 excerpta,

121 2423 212 2454 quae
235 2423 420 2454 parumper
444 2413 531 2445 inter
553 2424 590 2444 se
613 2412 813 2453 differrent,
845 2413 1023 2456 duplicata
1046 2413 1285 2445 retinerentur.
1335 2411 1506 2444 Similiter

121 2457 158 2491 in
183 2457 393 2500 dionysianis
418 2458 584 2501 excerptis
615 2459 682 2496 duo
713 2458 782 2491 loci
807 2459 895 2491 mihi
919 2459 1148 2492 occurrebant
1170 2458 1250 2491 aliis
1272 2458 1386 2491 verbis
1408 2468 1508 2497 repe-

122 2502 190 2536 titi.
241 2504 326 2536 tide
355 2503 538 2537 editionem
570 2515 686 2537 meam
711 2504 869 2549 Dionysii
890 2505 1183 2569 mediolanensem
1207 2504 1300 2537 XXI.
1326 2503 1358 2537 8
1392 2504 1457 2537 XV
1462 2503 1505 2535 ΙΙ.

122 2548 159 2585 8.
192 2549 241 2582 Μ
239 2550 290 2583 ss.

215 2595 271 2629 23.
297 2593 353 2628 15.
395 2595 500 2628 Extat
515 2595 582 2628 hoc
601 2594 773 2628 distichon
794 2595 884 2637 apud
900 2565 1156 2628 Plutarchuin'
1146 2607 1180 2628 in
1199 2595 1328 2628 Solone
1344 2605 1418 2636 cap.
1439 2593 1503 2626 ΙΙΙ.

123 2641 217 2674 MA!
256 2641 465 2674 ῐῆτίεῐειιιιιι
481 2641 674 2684 scripturae
691 2640 726 2673 in
743 2641 798 2674 his
813 2641 971 2675 uersibus
992 2642 1134 2684 collegit
1147 2641 1230 2674 Gais
1235 2640 1392 2682 fordusp
1397 2640 1501 2673 ,346

217 2686 275 2720 23.
304 2687 358 2720 17.
404 2687 549 2731 Legitur
582 2688 731 2720 alterum
762 2688 830 2719 hoc
859 2686 1031 2720 distichon
1063 2689 1156 2730 apud
1188 2686 1382 2722 Diodorum
1406 2685 1502 2718 XIX.

126 2733 172 2773 1,
202 2733 269 2766 nisi
303 2732 396 2776 quod
427 2745 492 2776 pro
523 2732 713 2776 μονάρχου
746 2732 911 2766 scribitur
940 2731 1138 2774 τυράννου.
1186 2734 1239 2766 lta
1271 2732 1377 2764 etiam
1411 2731 1504 2774 apud

125 2778 240 2813 Laert.
266 2779 291 2812 1.
316 2778 373 2812 50.
422 2779 582 2812 Tertium
615 2780 705 2822 quod
737 2778 890 2822 sequitur
922 2780 1012 2821 apud
1045 2784 1208 2814 neutrum
1235 2782 1415 2812 auctorem
1441 2781 1505 2817 est.

127 2835 239 2868 neque
255 2824 290 2858 in
310 2825 476 2859 ssrunckii
499 2825 667 2859 analectis
689 2825 733 2859 T.
753 2825 778 2858 1.
803 2836 835 2868 p.
854 2825 911 2858 71.
944 2825 1043 2859 MAi.
