1968 3346
120 194 419 239 EXCERPTA
447 193 520 235 DE
548 191 703 234 VIRT.
730 190 807 232 ET
837 189 951 232 VlT.
980 191 1029 233 L.
1060 190 1398 233 xxxvl.—XL.
1428 194 1513 235 159

118 308 385 363 ἐπιχειρῆσαι
425 302 691 360 τολμήμασι’
734 302 812 347 καὶ
860 300 1063 346 σπεύδων
1101 302 1208 354 τούς
1243 302 1513 358 στρατιώτας

118 367 260 415 ἰδίους
287 362 700 407 κατασκευάσασθαι
728 364 836 410 ταῖς
852 358 1070 412 εὐνοίαις,
1102 362 1406 417 συνεχώρησεν
1436 360 1512 404 αὕ-

117 426 211 472 τοῖς
237 421 320 477 τὴν
348 419 498 476 χώραν
527 422 616 461 τῶν
645 415 884 473 συμμάχων
921 415 981 466 ὥς
1017 419 1229 471 πολεμίαν
1242 418 1510 488 διαρπάζειν

116 480 190 521 καὶ
227 478 331 528 τοὺς
366 474 677 531 περιτυχόντας
712 474 1168 529 ἐξανδραποδίζεσθαι
1226 472 1426 530 ἀσμένως
1462 475 1510 519 δὲ

116 534 474 589 προςδεξαμένων
502 536 591 576 τῶν
621 535 900 585 στρατιωτῶν
927 547 1009 600 την
1040 529 1326 588 συγχώρησιν,
1357 533 1404 575 ἐν
1423 531 1509 576 ὀλί-
1537 543 1595 582 70

114 609 215 647 γαις
232 590 409 661 ἡμέραις
427 588 791 659 περιεποιήσαντο
808 586 1038 644 χρημάτων
1056 592 1238 644 πλῆθος.
1272 606 1314 632 οι
1304 589 1374 632 δὲ
1379 591 1508 660 διαρ-

114 648 320 718 παγέντες
347 645 613 715 άπηντησαν
629 649 691 701 τῷ
720 644 886 703 ὑπάτῳ,
917 645 992 688 καὶ
1026 645 1126 700 περὶ
1155 649 1244 688 τῶν
1280 644 1390 690 καθ’
1422 647 1509 690 αὑ-

114 722 222 756 τους
249 703 556 759 ἀπωδύροντο.
590 702 615 746 6
643 703 699 746 δὲ
718 701 953 758 περιαλγής
981 701 1219 757 γενόμενος
1248 704 1508 758 προςέταξεν

114 762 392 812 ἀκολουθεῖν,
424 760 543 811 ὅπως
571 759 625 802 τὰ
653 762 743 803 ἰ’δια
771 761 1053 828 κομίσωνται.
1085 758 1220 810 αὐτὸς
1243 760 1289 803 δὲ
1307 765 1369 819 τῷ
1398 764 1506 817 Φιμ-
1535 768 1594 813 75

113 821 218 889 βρίᾳ
252 815 641 887 διαπειλησάμενος
678 817 911 870 προςέταξε
951 833 1005 859 τα
1047 806 1378 890 διαφορηθέντα
1415 823 1508 869 τοῖς

115 875 442 919 άπολωλεκόσιν
460 873 826 945 ἀποκαταστῆσαι.
863 873 886 916 ὁ
907 873 954 917 δὲ
979 872 1061 929 τὴν
1089 878 1239 916 πᾶσαν
1271 875 1417 918 αἰτίαν
1440 875 1511 918 ἐπὶ

111 933 217 984 τούς
244 931 511 987 στρατιώτας
539 929 798 986 άνέπεμπεν,
833 930 890 982 ὠς
921 929 1027 974 ἄνευ
1056 946 1134 986 της
1164 930 1304 974 αὑτοῦ
1333 931 1511 989 γνώμης

112 989 254 1033 πάντα
282 988 574 1058 πεπραχότας·
612 993 706 1039 τοῖς
737 988 783 1032 δὲ
814 1000 922 1042 στρα
924 986 1098 1038 τιιόταις
1127 985 1219 1031 κατ’
1250 990 1370 1031 ἰδίαν
1401 1005 1509 1043 παρ-

111 1045 281 1102 ήγγειλε
317 1045 375 1102 μὴ
416 1045 640 1100 προςέχειν
676 1050 770 1097 τοῖς
805 1043 1158 1100 προςτάγμασιν,
1190 1042 1300 1088 ἀλλὰ
1338 1044 1392 1089 τά
1433 1047 1506 1090 διὰ
1536 1058 1592 1100 80

108 1108 200 1146 τῶν
238 1104 387 1147 ὅπλων
425 1103 642 1173 κτηθέντα
680 1107 743 1160 τῷ
778 1106 858 1145 τοῦ
893 1101 1091 1155 πολέμου
1127 1101 1249 1160 νόμῳ
1280 1101 1339 1158 μή
1379 1104 1507 1158 προέ-

110 1166 229 1204 σθαι.
280 1164 363 1204 τοῦ
401 1160 448 1204 δὲ
486 1159 697 1203 Φλάκκου
726 1176 832 1216 μετα
873 1158 1125 1210 ἀνατάσεως
1161 1160 1506 1214 προςτάττοντος

109 1216 375 1261 ἀποδιδόναι
412 1216 467 1260 τὰ
516 1217 848 1287 διηρπασμένα,
901 1221 989 1260 τῶν
1030 1216 1077 1260 δὲ
1127 1221 1408 1272 στρατιωτῶν
1448 1217 1505 1262 ου’

105 1273 431 1346 προςεχόντων,
461 1291 626 1330 ταραχή
657 1275 731 1317 καὶ
760 1273 914 1324 στάσις
941 1278 1108 1328 κατεῖχε
1135 1273 1184 1316 τὸ
1216 1274 1479 1346 στράτευμα.
1535 1283 1592 1328 85

210 1331 309 1375 ”Οτι
339 1330 364 1375 6
399 1333 622 1387 Φιμβρίας
652 1331 924 1388 διαβεβηκώς
951 1332 1030 1374 τὸν
1056 1330 1374 1387 Ἑλλήςποντον
1398 1349 1506 1384 τους

108 1388 375 1443 στρατιώτας
414 1388 527 1443 πρὸς
566 1391 849 1457 παρανομίαν
878 1389 951 1431 καὶ
981 1386 1184 1442 ἁρπαγήν
1212 1388 1507 1459 παρορμήσας

105 1446 307 1502 χρήματα
347 1445 437 1496 τας
461 1447 609 1498 πόλεις
645 1444 941 1500 εἰςεπράττετο
979 1446 1055 1488 καὶ
1089 1451 1182 1495 τοῖς
1219 1448 1506 1500 στρατιώταις

105 1508 244 1546 ταῦτα
283 1503 580 1559 διένεμεν.οῐ
609 1502 656 1546 δε
687 1505 747 1555 εἰς
776 1501 1096 1546 ἀνυπεύθυνον
1137 1501 1340 1555 ἐξουσίαν
1369 1521 1505 1560 προα-
1534 1515 1591 1556 90

106 1561 282 1616 χθέντες
311 1561 383 1603 καὶ
415 1560 487 1604 διά
517 1561 598 1615 τὴν
628 1560 782 1604 ἐλπίδα
820 1577 896 1615 της
935 1558 1145 1629 ωφελείας
1186 1562 1503 1630 μετεωρισθέν-

106 1633 196 1667 τες,
233 1617 292 1668 ὦς
328 1634 486 1661 κοινον
526 1617 755 1674 εὐεργέτην
791 1616 986 1673 ἠγάπων.
1028 1616 1104 1668 τὰς
1135 1617 1182 1661 δὲ
1212 1617 1271 1674 μή
1304 1618 1504 1663 ὑπακου-

106 1673 245 1725 σάσας
273 1673 422 1726 πόλεις
459 1674 762 1730 ἐκπολιορκεῖν
791 1677 851 1725 εἰς
881 1673 1132 1745 διαρπαγήν
1161 1674 1377 1730 ἐχαρίζετο
1409 1682 1504 1727 τοῖς

105 1731 403 1786 στρατιώταις.
445 1732 519 1775 καὶ
558 1731 861 1788 Νικομήδειαν
899 1730 1127 1787 παρέδωκε
1165 1737 1258 1783 τοῖς
1295 1733 1504 1790 στρατιώ-

103 1804 197 1839 ταις
225 1790 286 1839 εἰς
315 1788 579 1859 διαρπαγήν.
1530 1797 1588 1842 95

207 1845 307 1888 ΓὈτι
337 1844 360 1888 ὁ
393 1845 525 1897 αὐτὸς
553 1845 629 1889 καὶ
657 1844 851 1898 Κύζικον
881 1846 1118 1901 παρελθών
1158 1843 1219 1897 ὥς
1249 1847 1378 1901 φίλος
1407 1851 1501 1898 τοῖς

103 1901 183 1958 μὲν
212 1900 535 1956 εὖπορωτοέτοις
554 1907 644 1946 τῶν
660 1907 854 1946 πολιτῶν
883 1903 1097 1959 ἐμέμφετο
1121 1901 1324 1947 θανάτου
1352 1920 1500 1947 καται-

102 1959 384 2015 τιασάμενος·
427 1958 519 2004 δύω
551 1961 597 2004 δὲ
627 1962 687 2011 εἰς
723 1958 989 2016 κατάπληξιν
1026 1961 1099 2004 καὶ
1129 1959 1277 2016 φόβον
1304 1977 1394 2004 των
1424 1959 1501 2004 ἄλ,-

101 2021 192 2060 λων
220 2019 484 2068 καταδίκους
514 2017 702 2087 ποιήσας
727 2018 801 2061 καὶ
831 2019 1045 2074 ῥαβδίσας
1074 2017 1299 2061 έπελέκισε.
1341 2035 1420 2069 τας
1450 2018 1498 2062 δὲ
1530 2028 1611 2068 100

102 2071 257 2124 οὐσίας
287 2072 437 2118 αὐτῶν
467 2073 718 2130 ἀναλαβών,
749 2092 821 2118 και
852 2080 945 2126 τοῖς
969 2075 1118 2126 ἄλλοις
1139 2073 1213 2118 δια
1241 2079 1332 2117 τῶν
1361 2091 1498 2130 προα-

101 2130 369 2174 πολωλότων
398 2131 536 2201 μέγαν
563 2133 710 2202 φόβον
740 2131 988 2202 ἐπιστήσας,
1017 2130 1238 2188 ἠνάγκασε
1258 2131 1398 2188 λύτρα
1419 2138 1498 2189 τῆς

103 2190 317 2260 σωτηρίας
348 2188 453 2240 ὅλας
482 2188 558 2241 τὰς
586 2188 793 2244 ὑπάρξεις
824 2187 944 2248 αὐτῷ
973 2189 1208 2243 προέσθαι.

201 2244 303 2288 Ὀτι
333 2249 493 2297 Γναῖος
527 2246 761 2316 Πομπήιος
799 2235 1111 2301 στρατιωτικὸν
1149 2249 1252 2303 βίον
1291 2245 1497 2302 ἑλόμενος
1526 2263 1555 2306 5

100 2299 369 2356 ἐνεκαρτέρει
397 2309 492 2355 ταῖς
519 2305 620 2347 καθ’
649 2302 834 2375 ἡμέραν
847 2306 1179 2356 κακοπαθείαις,
1208 2304 1284 2348 καὶ
1311 2321 1420 2360 ταχυ
1446 2304 1494 2349 τὸ

99 2362 318 2410 πρωτεῖον
367 2359 643 2416 ἀπηνέγκατο
692 2365 778 2431 τῆς
816 2360 864 2404 έν
909 2367 1003 2412 τοῖς
1051 2366 1304 2432 πολεμικοῖς
1352 2362 1498 2416 ε’ργοις

100 2413 333 2470 ασκήσεως.
375 2421 521 2461 πᾶσαν
551 2418 597 2462 δε
630 2418 864 2489 ῥαστώνην
893 2419 968 2461 καὶ
989 2419 1170 2489 σχολήν
1200 2417 1496 2487 ἀποτριψάμε-

92 2488 176 2522 νος
207 2472 379 2515 διετέλει
407 2475 481 2517 καὶ
510 2474 611 2530 μεθ’
642 2465 812 2533 ἡμέραν
840 2493 913 2519 και
941 2474 1116 2529 νύκτωρ
1141 2474 1207 2519 αεί
1225 2493 1266 2519 τι
1289 2474 1496 2530 πράττων

99 2533 190 2571 τῶν
220 2531 279 2580 εἰς
309 2546 386 2573 τον
415 2530 608 2587 πόλεμον
635 2535 872 2589 χρησί.μων
919 2535 1062 2590 διαίτῃ
1095 2534 1174 2588 μὲν
1210 2549 1296 2602 γαρ
1312 2533 1490 2604 ἐχρῆτο
1524 2551 1578 2591 10

98 2589 219 2654 λιτῃ,
265 2591 467 2640 λουτρων
508 2573 554 2633 δὲ
592 2591 666 2633 καὶ
706 2594 1042 2646 συμπεριφορᾶς
1084 2590 1258 2646 τρυφὴν
1306 2588 1492 2660 ἐχούσης

97 2641 308 2712 α’πείχετο.
353 2646 425 2688 καὶ
442 2662 544 2716 την
582 2647 661 2703 μὲν
700 2647 874 2703 τροφὴν
909 2647 1164 2718 καθήμενος
1187 2646 1490 2717 προςεφέρετο,

97 2698 209 2757 πρὸς
241 2701 287 2745 δὲ
316 2700 395 2745 τὸν
432 2701 578 2748 ὕπνον
619 2704 842 2762 ἀπεμέριζε
880 2704 1047 2763 χρόνον
1090 2703 1300 2750 ἐλάττονα
1337 2707 1416 2762 τῆς
1444 2703 1492 2748 ἐκ

188 2827 269 2864 615.
295 2829 328 2866 i.
357 2830 519 2876 Γναῖος]
550 2830 686 2873 Γνάϊος
712 2833 743 2867 V
