1968 3346
148 163 451 210 EXCERPTA
470 163 541 205 DE
557 161 712 206 VIRT.
726 159 802 204 ΕΤ
826 159 938 204 VlT.
950 161 999 203 L.
1016 159 1189 204 XXXII.
1200 159 1394 205 XXXIII.
1425 164 1508 207 181

121 295 219 336 μων
248 275 570 346 ἐπιτρεπόντων
607 271 800 344 μεγάλην
829 269 1109 327 εἷςφέρεσθαι
1138 271 1339 331 σπονδήν
1367 273 1429 327 εἰς
1458 274 1511 319 τὰ

119 337 199 393 τὴν
226 334 398 378 ὕπατον
428 331 566 387 ἀρχὴν
595 329 716 386 αὐτῷ
743 333 1004 399 περιθεῖναι.

221 392 322 435 Ὀτι
352 388 376 434 6
407 393 496 432 τῶν
522 375 749 442 Ῥωμαίων
775 385 944 436 ὕπατος
972 384 1288 441 Καλπούρνιος
1316 384 1368 431 δι’
1400 385 1512 459 ὁμο·

119 450 270 505 λογίας
306 446 429 497 τινας
468 448 557 487 τῶν
599 443 771 487 πόλεων
807 442 1000 512 εἰληφώς
1039 442 1333 495 κατέσκαψεν,
1375 442 1510 489 οὐδὲν
1539 450 1593 492 10

118 510 195 562 τῆς
228 507 411 554 πίστεως
443 501 696 570 φροντίσας.
746 497 898 569 διόπερ
936 499 984 542 έν
1019 503 1115 549 ταῖς
1152 500 1375 569 ἐπιβολαῖς
1413 498 1509 545 ἄπι-

119 560 359 616 στούμενος
398 555 717 625 ἀπετύγχανεν,
770 554 912 610 ω’ςπερ
957 556 1192 624 δαιμονίου
1237 555 1358 608 τινος
1397 555 1511 601 ἄντι-

116 618 399 688 πράττοντος
436 615 496 666 εἰς
523 612 688 664 πολλὰς
705 612 788 669 γάρ
811 611 1018 668 ἐπιβολάς
1040 611 1430 666 δυςεπιτεὺκτους’
1415 615 1509 671 ε’σχε

116 675 170 720 τοὶ
222 690 252 717 π
284 673 407 725 οξεις-

173 692 195 727 ς
218 691 363 773 ‘'0916‘
340 727 364 773 6
386 726 612 795 Προυσίας
631 723 655 769 6
679 721 889 796 βασιλεὺς
907 720 990 780 τήν
1016 739 1061 768 τε
1081 723 1188 777 ὄψιν
1217 742 1282 769 ων
1309 726 1507 797 εἰδεχθὴς
1538 732 1592 777 15

115 787 190 834 καὶ
217 785 266 830 το“
295 790 419 841 σῶμα
449 781 522 827 διοὶ
551 782 634 840 τὴν
660 781 838 839 τρυφὴν
866 781 976 838 ε’χων
1012 786 1270 838 γυναικεῖον
1298 781 1385 827 ὑπὸ
1417 788 1508 828 τῶν

115 846 331 889 Βιθυνῶν
358 843 560 913 ἐμισεῖτο.

217 900 318 944 ’Ότι
347 896 370 943 6
400 898 604 942 Σκιπίων
642 892 749 951 μετοέ
789 892 871 965 τήν
908 892 1074 938 αλωσιν
1103 893 1391 952 Καρχηδόνος
1416 900 1509 949 τοῖς

113 954 204 1001 από
252 960 329 1013 τῆς
374 955 577 1005 Σικελίας
626 950 917 1022 κατηντηκόσι
952 954 1248 1023 πρεσβευταῖς
1292 953 1507 1005 ἐπιδείξας

114 1013 287 1058 ἅπαντα
316 1010 369 1055 τά
398 1009 578 1067 λάφυρα
603 1008 865 1063 προςέταξεν
886 1005 1097 1059 ἑκάστους
1125 1007 1177 1052 τά
1204 1008 1253 1052 ἐκ
1270 1014 1358 1052 τῶν
1378 1011 1505 1054 ἰδίων
1533 1017 1591 1058 20

113 1072 338 1137 πατρίδων
366 1069 428 1119 εἷς
456 1065 721 1123 Καρχηδόνα
749 1065 886 1109 πάλαι
915 1065 1020 1108 ποτὲ
1048 1066 1390 1122 μετενηνεγμένα
1410 1066 1504 1110 ἐπι-

114 1126 376 1197 λεγομένους
405 1123 687 1195 ἀποκομίζειν
716 1123 777 1174 εἰς
803 1123 1028 1166 Σικελίαν.
1058 1123 1133 1165 καὶ
1160 1124 1320 1166 πολλαὶ
1336 1140 1416 1179 μεν
1436 1122 1503 1167 εὑ

113 1184 312 1240 ρέθησαν
340 1181 565 1239 ἐπισήμων
594 1179 772 1233 ἀνδρῶν
799 1180 991 1250 γραφαί,
1033 1179 1189 1223 πολλοι
1219 1179 1266 1223 δὲ
1296 1178 1505 1233 ανδριοίν-

113 1257 184 1292 τες
212 1241 437 1296 ἐπιφανεῖς
465 1242 560 1289 ταῖς
589 1241 901 1288 κατασκευαῖς,
931 1233 1015 1279 οὑκ
1043 1234 1170 1292 ὀλίγα
1200 1235 1247 1280 δὲ
1277 1234 1505 1307 αναθῄμα-

112 1314 168 1342 τα
198 1299 439 1368 διαπρεπῆ
445 1298 566 1339 θεῶν
595 1291 770 1365 {corum}
797 1308 843 1336 τε
871 1291 944 1336 καὶ
973 1296 1126 1365 χρυσᾶ.
1173 1293 1222 1337 ἐν
1250 1293 1299 1338 δὲ
1326 1294 1504 1347 τούτοις
1530 1297 1588 1343 25

111 1353 301 1425 ὑπῆρχε
311 1352 386 1397 καὶ
415 1351 439 1396 6
467 1350 725 1408 περιβόητος
752 1353 916 1404 ταῦρος
941 1348 984 1402 ἐξ
1010 1346 1317 1419 Ἀκραγαντος,
1348 1349 1403 1396 ὃν
1431 1368 1506 1396 κοι-

110 1409 385 1461 τασκευάσας
416 1411 636 1463 Περίλαος
668 1405 887 1461 Φαλάριδι
905 1409 976 1476 τῷ
1012 1405 1242 1478 τυράννῳ,
1281 1407 1356 1451 καὶ
1385 1412 1504 1479 πρῶ-

111 1484 188 1519 τος
225 1467 306 1524 τήν
344 1465 568 1519 ἀπόδειξιν
606 1468 699 1536 τῆς
722 1465 836 1515 ἰδίας
849 1462 1022 1534 τέχνης
1060 1463 1110 1508 ἐν
1136 1468 1191 1522 τῇ
1220 1461 1330 1509 καθ’
1363 1463 1503 1511 αὑτὸν

30 1529 37 1566 1
111 1526 301 1595 τιμωρίᾳ
330 1525 510 1574 δικαίως
536 1522 801 1591 ὑπομείνας,
835 1516 1048 1591 ἀνῃρέθη.

215 1579 315 1623 Ὀτι
343 1579 455 1623 κατὰ
484 1578 589 1630 τούς
616 1582 692 1649 τῆς
727 1580 916 1628 παλαιᾶς
950 1575 1121 1647 ἡλικίας
1147 1577 1342 1648 καιροὺς
1363 1580 1502 1636 διελη-
1529 1584 1589 1627 80

111 1635 320 1682 λυθότων
347 1634 503 1706 σχεδὸν
530 1635 641 1678 ἐτων
671 1634 825 1678 ἑκατὸν
852 1633 1140 1704 θεασάμενος
1159 1651 1242 1692 την
1272 1633 1506 1690 Κόρινθον

113 1693 253 1745 Γαῖος
271 1690 453 1744 Ἰούλιος
474 1695 648 1746 Καῖσαρ
676 1689 699 1734 ὁ
721 1689 795 1735 διὰ
815 1690 893 1741 τὰς
912 1690 1092 1745 προέξεις
1113 1689 1378 1762 όνομασθεὶς
1396 1693 1506 1744 θεὸς

111 1752 176 1803 εἷς
202 1748 410 1806 τοιαύτην
433 1745 542 1805 ἦλθε
563 1746 842 1818 συμπάθειαν
870 1748 945 1791 καὶ
974 1748 1233 1818 φιλοδοξίαν
1262 1748 1367 1800 ω’ςτε
1395 1747 1503 1821 μετὰ

111 1811 277 1864 πολλῆς
305 1807 504 1878 σπουδῆς
529 1804 665 1849 πάλιν
678 1802 832 1874 αὐτὴν
854 1803 1111 1874 ἀναστῆσαι.
1142 1803 1294 1858 διόπερ
1324 1805 1404 1850 τόν
1431 1806 1505 1851 ἄν·
1532 1810 1590 1855 35

112 1867 199 1920 δρα
234 1865 396 1906 τοῦτον
437 1862 509 1907 καὶ
545 1863 626 1919 τὴν
662 1859 915 1932 ὑπερβολὴν
953 1865 1030 1918 τῆς
1065 1862 1165 1932 περὶ
1202 1860 1339 1908 αὑτὸν
1379 1863 1507 1907 ἐπιει-

111 1922 233 1972 κείας
263 1918 436 1964 δίκαιόν
466 1920 554 1963 εστι
581 1917 770 1989 μεγάλης
798 1915 1039 1990 ἀποδοχῆς
1049 1917 1297 1970 ἀξιοῦσθαι,
1327 1921 1403 1964 καὶ
1432 1921 1507 1966 διὰ

111 1981 190 2034 τῆς
218 1977 413 2031 ἱστορίας
440 1973 677 2046 ἀπονέμειν
703 1973 824 2045 αὐτῷ
851 1974 931 2020 τὸν
959 1974 1144 2019 αἰώνιον
1171 1980 1248 2032 τῆς
1272 1977 1509 2046 χρηστότη·

111 2051 187 2086 τος
213 2034 408 2077 ἔπαινον.
448 2037 540 2078 τῶν
567 2032 653 2090 γάρ
682 2021 928 2106 προγόνων
950 2031 1091 2077 αὑτοῦ
1117 2036 1413 2103 σκληροτερον
1440 2051 1508 2079 κε·

110 2090 342 2160 χρημένων
382 2107 436 2147 τη
480 2090 629 2143 πόλει,
683 2106 816 2142 ουτος
856 2087 929 2133 δια
970 2093 1047 2146 τῆς
1087 2090 1202 2141 ἰδίας
1240 2089 1505 2148 ἡμερότητος
1532 2096 1589 2141 40

112 2147 401 2202 διωρθωσατο
430 2149 509 2199 τοὶς
537 2147 716 2191 ἐκείνων
739 2144 1014 2216 ἀποτομίας,
1061 2147 1303 2216 προκρίνας
1340 2151 1418 2218 τῆς
1445 2164 1504 2192 τι-

111 2205 282 2274 μωρίας
309 2203 391 2261 τήν
421 2204 693 2275 συγγνώμην.
723 2202 1014 2274 ὑπερεβάλετο
1046 2204 1093 2247 δε
1121 2198 1254 2254 οὗτος
1281 2204 1387 2256 τούς
1414 2204 1502 2261 πρὸ

113 2260 255 2305 αὑτοῦ
264 2263 344 2331 τῷ
372 2260 546 2317 μεγέθει
573 2264 661 2305 τῶν
689 2260 1098 2331 κατεργασθέντων,
1127 2260 1201 2304 καὶ
1228 2259 1309 2330 τὴν
1335 2261 1504 2305 επωνυ·

112 2319 221 2387 μίαν
251 2306 337 2361 ἀπὸ
365 2321 445 2389 τῆς
470 2318 569 2373 περὶ
600 2317 738 2362 αὑτὸν
755 2315 923 2388 ἀρετῆς
952 2318 1134 2369 δικαίως
1161 2314 1384 2386 ἐκτήσατο.
1427 2334 1503 2363 κα-

113 2373 258 2419 θόλου
289 2374 335 2418 δε
365 2372 389 2418 ὁ
419 2372 531 2445 ἀνὴρ
561 2376 693 2426 οὗτος
719 2372 914 2431 εὐγενεία
942 2390 987 2417 τε
1017 2373 1092 2418 καὶ
1123 2372 1260 2429 λόγου
1290 2374 1504 2445 δεινότητι
1532 2380 1588 2425 45

113 2431 189 2477 καὶ
219 2430 542 2503 στρατηγήμασι
569 2436 821 2487 πολεμικοῖς
849 2419 922 2474 καὶ
947 2428 1260 2502 qutZoepvac'qc,
1260 2429 1503 2502 ἀποδοχῆς

114 2486 238 2540 αξιός
266 2488 384 2532 ἐστιν
413 2487 668 2541 ἀξιοῦσθαι,
707 2488 782 2532 καὶ
811 2487 884 2531 δια
912 2491 989 2544 τῆς
1018 2489 1212 2543 ἱστορίας
1242 2485 1367 2540 ἄξιον
1395 2487 1502 2532 οέπο·

113 2545 263 2615 νέμειν
295 2543 413 2615 αὐτῷ
442 2545 521 2589 τὸν
547 2550 639 2615 τῆς
651 2544 940 2615 χρηστότητος
970 2545 1166 2588 ἔπαινον.
1212 2546 1387 2614 μεγέθει
1414 2545 1501 2600 γάρ

113 2599 315 2658 πράξεων
344 2589 538 2655 ἅπαντας
565 2602 670 2655 τοὺς
697 2602 785 2657 πρό
817 2600 957 2645 αὑτοῦ
980 2600 1224 2657 Ρωμαίους
1251 2601 1504 2657 ὑπερέθετο.
1533 2610 1590 2656 60

208 2704 289 2739 591
313 2703 370 2740 47.
394 2702 584 2752 ἀποδοχῆς
600 2725 643 2731 —-
661 2704 718 2740 50.
743 2700 972 2749 ὑπερέθετο]
997 2703 1121 2739 eadem
1145 2694 1312 2736 sententffa
1336 2707 1426 2741 qnae
1448 2696 1507 2734 37.

115 2748 173 2784 38.
199 2754 234 2785 et
256 2750 539 2789 42.43.affi15t.
577 2751 693 2797 qualis
723 2752 798 2788 sere
828 2750 969 2788 iteratio
1000 2754 1052 2786 est
1081 2751 1117 2786 in
1146 2749 1228 2783 Exc
1254 2709 1363 2780 Ὺαῑῑὲ·
1391 2755 1423 2789 P·
1447 2743 1506 2779 ⁷⁰·

114 2796 191 2838 23„
216 2797 275 2833 ubi
299 2807 332 2834 v,
354 2796 472 2834 Maius
1153 2845 1181 2884 9
1209 2838 1228 2867 ⁴(
