1968 3346
0 2026 4 2077 ι

155 160 457 208 EXCERPTA
484 160 566 233 DE
581 159 733 203 VIRT·
761 157 839 202 ΕΤ
868 156 980 201 vlT.
1009 157 1056 199 L.
1087 154 1240 199 XXVI.
1243 150 1428 197 -XXX.
1460 159 1545 201 115

154 272 444 343 ἀποθεμένοις
469 272 522 316 τοὶ
540 272 668 344 ,ὅπλα
696 269 926 342 σώζεσθαι;
960 271 1052 312 τῶν
1082 268 1131 311 δὲ
1159 267 1465 323 ποιησαμένων
1493 266 1543 310 τὸ

156 329 480 399 συγχωρηθὲν,
508 330 554 372 οἱ
591 326 853 378 Μακεδόνες
891 323 972 369 εἴτ’
1015 323 1100 393 ἀφ’
1139 325 1309 368 ἑαυτῶν
1349 325 1433 367 εἴτε
1469 323 1545 366 καὶ

155 393 238 431 τοῦ
261 385 472 443 βασιλέως
491 383 813 454 προςτάξαντος
839 381 1207 439 ἐπηκολούθησαν
1235 378 1329 433 τοῖς
1356 382 1545 437 λαβοῦσι

154 444 234 501 τὴν
263 446 411 486 πίστιν
438 442 512 486 καὶ
540 441 705 490 πάντας
734 438 1004 507 απέσφαξαν.

254 499 354 543 Ὀτι
381 497 491 543 κατὰ
519 498 599 553 τὴν
624 496 836 550 ’Ἠπειρον
866 495 1028 564 Χάροψ
1057 490 1157 543 υἱὸς
1184 494 1267 536 τοῦ
1294 493 1375 549 τὴν
1399 490 1543 562 αὐτὴν
1570 498 1626 539 70

154 557 329 613 ἔχοντος
357 555 654 624 προςηγορίαν
691 553 803 597 κατὰ
831 551 909 596 τὸν
945 550 1058 606 πρὸς
1092 551 1315 592 Φίλιππον
1351 548 1546 620 πόλεμον

155 610 534 679 ἐξαπεσταλκότος,
546 612 804 679 Φλαμενίνῳ
844 607 924 652 τὸν
961 604 1238 681 ἡγησόμενον
1266 608 1344 662 τῆς
1374 604 1542 649 ἀνελπί-

155 683 263 713 στου
292 668 364 712 δια
393 672 480 710 τῶν
510 665 629 719 ὀρῶν
660 666 882 721 ἀτραποῦ,
925 663 977 709 δι’
1010 669 1073 708 ὠν
1099 664 1142 706 οἱ
1171 660 1379 717 Ῥωμαῖοι
1406 677 1544 717 παρα-

156 726 291 797 δόξως
327 723 616 777 πορευθέντες
652 727 740 766 τῶν
778 725 943 766 στενῶν
984 718 1239 790 ἐκράτησαν.
1281 735 1464 775 τραφεις
1494 719 1542 763 δὲ
1573 721 1627 764 75

154 783 203 826 ἐν
225 781 365 838 Ρώμη
398 780 471 824 διὰ
509 779 607 850 τὴν
624 783 705 823 τοῦ
743 778 927 822 πάππου
957 778 1075 847 πρὸς
1108 775 1353 844 Ρωμαίους
1391 776 1545 848 φιλίαν

153 842 331 888 πολλοῖς
359 841 448 880 τῶν
485 835 707 892 ἐπισήμων
738 835 995 890 ἐπεξενώθη.
1039 833 1101 877 ὠν
1141 832 1188 877 δὲ
1215 837 1435 888 τολμηρος
1470 830 1546 875 καὶ

152 897 344 951 πονηρίᾳ
376 893 623 963 διαφέρων,
660 892 767 944 τούς
804 890 1116 944 ἐνδοξοτάτους
1151 893 1242 932 τῶν
1269 889 1546 943 Ἠπειρωτῶν

155 952 349 1021 διέβαλλε
387 951 498 1004 πρὸς
544 949 786 1004 Ῥωμαίους
843 950 1021 1001 ψευδεῖς
1072 947 1341 1001 ἐπιρὁπτων
1383 946 1545 1015 αἰτίας,

152 1007 270 1059 όπως
293 1008 488 1057 ἅπαντας
516 1006 909 1075 καταπληξαμενος
926 1004 1030 1056 τούς
1063 1001 1339 1075 δυναμένους
1369 1018 1542 1045 αντιπο-
1572 1004 1630 1046 80

150 1064 401 1108 λιτεύ-εσθαι
428 1064 670 1116 καθαπερεὶ
698 1061 855 1117 κύριος
885 1060 1054 1117 ἁπάσης
1082 1065 1158 1116 τῆς
1192 1058 1413 1130 Ἠπείρου.
1457 1057 1545 1102 διό-

150 1137 233 1176 περ
263 1121 372 1176 πρὸς
394 1121 568 1174 Περσέα
596 1119 897 1172 ἐξαπέστειλαν
926 1121 987 1170 είς
1012 1118 1312 1170 Μακεδονίαν,
1342 1115 1547 1171 ἐπαγγελ-

150 1177 284 1246 λόμεν
289 1195 330 1220 οι
358 1176 639 1249 παραδώσειν
667 1193 757 1247 την
771 1175 932 1230 Ήπειρ
937 1191 1003 1218 ον.

253 1231 353 1278 Ότι
382 1236 426 1277 οἱ
453 1234 553 1288 περὶ
580 1233 659 1277 τὸν
684 1233 867 1303 Εὐμένη
894 1231 975 1288 τὴν
1003 1235 1093 1274 τῶν
1119 1228 1387 1300 Ἀβδηριτων
1415 1228 1546 1273 πόλιν

150 1294 517 1345 πολιορκοῦντες,
546 1291 620 1334 καὶ
647 1290 728 1346 τὴν
758 1291 806 1334 ἐκ
832 1294 910 1346 τῆς
938 1290 1036 1345 βίας
1068 1286 1232 1331 ἅλωσιν
1260 1285 1545 1355 απογνόντες,
1573 1289 1629 1333 85

151 1348 446 1404 διεπέμψαντο
477 1345 630 1420 λάθρᾳ
667 1346 779 1400 πρός
817 1363 916 1390 τινα
947 1346 1150 1388 Πύθωνα
1188 1361 1240 1400 τῃ
1268 1342 1388 1414 δόξῃ
1426 1360 1544 1398 πρω-

149 1405 335 1449 τεύοντα
363 1408 453 1448 τῶν
477 1402 746 1472 ’1βδηριτών
774 1404 848 1447 καὶ
885 1402 935 1446 τό
976 1404 1188 1455 κυριεῦον
1226 1399 1357 1456 μέρος
1387 1401 1543 1456 διαφυ-

150 1461 363 1506 λάττοντα
393 1460 466 1505 διὰ
496 1459 671 1504 δούλων
700 1462 827 1504 ἰδίων
855 1460 928 1503 καὶ
960 1456 1268 1512 ἀπελευθέρων
1290 1458 1542 1501 διακοσίων.

149 1517 564 1588 ψυχαγωγήσαντες
572 1519 656 1560 οὐν
685 1516 821 1560 αὐτόν
851 1516 1121 1571 ἐπαγγελίαις
1156 1514 1228 1558 δια
1267 1512 1432 1557 τούτου
1464 1530 1544 1557 πα-
1572 1519 1628 1562 90

151 1575 460 1644 ρειςήχθησαν
469 1573 590 1623 ἐντός
620 1578 701 1617 τοῦ
729 1575 898 1642 τείχους
934 1572 1008 1616 καὶ
1042 1575 1120 1628 τῆς
1155 1570 1322 1621 πόλεως
1351 1570 1544 1641 ἐκυρίευ-

152 1643 251 1674 σαν.
282 1630 306 1675 ὁ
338 1631 384 1674 δε
413 1629 497 1701 τὴν
522 1629 652 1674 πόλιν
681 1629 878 1684 προδους
907 1628 1081 1672 Πύθων
1109 1629 1286 1683 μετρίας
1310 1644 1453 1682 τυχων
1475 1624 1545 1671 εὐ-

152 1690 370 1744 εργεσίας,
402 1686 501 1757 πρὸ
546 1685 796 1756 ὀφθαλμῶν
833 1684 1073 1742 λαμβάνωι
1109 1684 1190 1741 τὴν
1223 1688 1303 1754 τῆς
1332 1685 1545 1754 πατρίδος

151 1741 465 1814 κατασκαφήν,
509 1743 557 1786 ἐν
569 1741 757 1813 αθυμία
785 1743 860 1787 καὶ
898 1742 1154 1800 μεταμελείᾳ
1183 1739 1263 1785 τόν
1291 1737 1545 1785 καταλειπό-

153 1817 290 1873 μενον
319 1800 497 1855 ἐβίωσε
502 1798 679 1855 χρόνον.
1571 1802 1629 1846 95

251 1857 351 1900 ’Ότι
381 1856 404 1900 ὁ
437 1858 636 1910 Περσεύς
663 1853 896 1900 καλλιστον
933 1853 1123 1924 εἰληφώς
1162 1869 1280 1908 παρα
1309 1856 1385 1910 τῆς
1413 1853 1545 1926 τύχης

148 1912 308 1968 καιρόν
337 1915 398 1964 εἰς
426 1913 476 1957 τὸ
505 1915 764 1968 διαφθεῖραι
800 1913 880 1969 τὴν
919 1909 1111 1967 δύναμιν
1142 1910 1288 1981 ἄρδην
1322 1915 1412 1954 τῶν
1443 1910 1545 1955 Ῥω-

149 1973 304 2042 μαίων,
337 1970 523 2040 διέτριβε
552 1971 652 2023 περὶ
680 1976 796 2013 Δῖον
825 1973 902 2026 τῆς
931 1970 1230 2020 Μακεδονίας,
1262 1967 1435 2023 απέχων
1464 1985 1544 2025 μεν

153 2027 208 2072 06
236 2027 351 2071 πολύ
383 2031 471 2070 τῶν
497 2025 671 2079 τόπων,
712 2027 928 2085 ῥαθυμῶν
958 2027 1004 2069 δε
1034 2025 1134 2079 περὶ
1163 2042 1216 2068 τα
1243 2025 1423 2080 μέγιστα
1451 2030 1628 2071 τωνῙΟΟ

82 2083 430 2157 579πραγμάτων.
461 2088 656 2154 κραυγῆς
683 2101 768 2138 γαρ
797 2083 939 2139 μόνον
968 2084 1024 2138 ἠν
1051 2084 1173 2138 χρεία
1202 2082 1276 2125 καὶ
1307 2081 1545 2151 σαλπιγγος

151 2144 214 2193 εἰς
241 2142 290 2185 τὸ
321 2139 402 2197 τὴν
432 2139 640 2194 στρατιαν
676 2145 766 2183 τῶν
805 2141 1028 2195 πολεμίων
1064 2142 1217 2209 λαβεῖν
1257 2137 1544 2193 αἰχμάλωτον,

151 2197 560 2271 περικεκλεισμένην
591 2199 637 2241 ἐν
666 2202 878 2252 κρημνοῖς
917 2198 991 2240 καὶ
1020 2195 1211 2251 φάραγξι
1241 2195 1544 2267 δυςεξιτήτοις.

153 2256 306 2308 διόπερ
352 2254 522 2298 ἐκείνου
568 2255 670 2308 περὶ
716 2254 888 2297 τούτων
908 2251 1225 2323 ήμεληκότος,
1269 2253 1343 2295 καὶ
1384 2255 1429 2296 οἰ
1462 2253 1545 2308 τήν

150 2311 434 2381 παρεμβολὴν
472 2312 642 2368 ἔχοντες
677 2311 745 2354 ἐπὶ
782 2328 860 2361 τας
891 2308 1134 2363 ακρωρείας
1157 2307 1414 2361 Μακεδόνες
1442 2309 1545 2365 περὶ
1601 2315 1628 2357 5

150 2367 227 2420 τὰς
257 2367 456 2421 φυλακὰς
485 2369 561 2412 καὶ
589 2369 666 2419 τὰς
697 2367 909 2418 ἐκκοιτίας
942 2367 1238 2437 ἐρῤᾳθύμουν.

254 2425 353 2468 Ότι
382 2425 536 2477 τελέως
554 2423 577 2468 6
604 2424 799 2480 Περσευς
821 2425 1008 2478 νομίσας
1032 2423 1281 2467 ἐπταικέναι
1300 2426 1392 2473 τοῖς
1415 2421 1546 2473 ὅλοις,

148 2482 260 2526 κατὰ
290 2496 379 2525 παν
411 2483 658 2539 συντριβεὶς
687 2485 739 2540 τῇ
777 2485 895 2539 ψυχη
925 2482 1111 2525 Νίκωνα
1148 2481 1227 2537 μὲν
1264 2478 1344 2523 τὸν
1372 2484 1542 2536 θησαυ-

147 2594 207 2629 70.
233 2593 340 2651 υἱός]
375 2593 510 2636 υιωνὸς
533 2595 800 2640 Wesselingfus
828 2607 866 2629 υι
856 2594 977 2635 ειδοῦς
999 2594 1083 2628 Rei
1073 2594 1164 2628 kius
1254 2593 1314 2627 71.
1339 2588 1457 2636 κατα]
1483 2591 1548 2628 καὶ

147 2639 244 2677 κατά
269 2642 351 2675 Reis
354 2641 432 2676 kius
545 2642 604 2677 7¹).
631 2644 676 2676 ad
716 2641 817 2682 ὅπως
840 2642 958 2676 deesse
981 2642 1127 2675 verbum
1152 2644 1270 2674 monet
1294 2639 1546 2684 {Vesselingius

240 2688 297 2722 8’.
322 2686 600 2744 ἐπαγγελόμενοι
623 2690 654 2722 V

241 2732 603 2789 579.1.στρατιὰν]
636 2734 828 2778 στρατείαν
851 2734 884 2767 V
1021 2733 1056 2768 5.
1091 2746 1160 2772 τας
1197 2731 1426 2789 ἀκρωρείας]
1465 2733 1547 2770 ταῖς

150 2778 371 2827 ἀκρωρείαις
395 2781 560 2819 Reiskius
696 2782 730 2817 6.
756 2779 953 2825 ἐκκοιτίας]
978 2781 1121 2822 κοιτίας
1147 2779 1174 2812 V
1269 2777 1489 2823 ἐραθύμουν
1516 2778 1546 2810 ὀ

1198 2830 1226 2867 8
1254 2832 1269 2854 ιι
