1968 3346
0 2113 15 2195 ἴ
72 2142 78 2199 1
143 2077 369 2204 δραπέται
380 2135 428 2178 ἐκ
447 2134 596 2178 τόπων
614 2134 880 2202 ὑπερδεξίων
902 2132 1167 2205 μαχόμενοι·
1199 2136 1302 2187 μετὰ
1328 2138 1374 2180 δὲ
1403 2141 1540 2182 ταῦτα
1569 2143 1624 2186 40

415 181 720 257 ExcERPTA
749 209 945 255 PHOT11
974 211 1022 253 1.
1046 209 1241 255 xxxv1
1466 212 1526 255 ετ

131 329 215 376 τοῦ
243 325 402 398 κυρίου
431 326 507 379 τῆς
534 321 670 378 κόρης
704 320 790 391 τήν
817 324 983 377 πρᾶσιν
1009 318 1135 389 μόλις
1163 320 1527 393 κατανεύσαντος,
1586 327 1613 369 5

70 434 73 438 ,
131 385 358 452 ταλάντων
384 380 587 425 Ἀττικων
616 379 742 432 ἑπτά,
772 379 847 423 καὶ
872 379 1037 448 χρόνον
1067 375 1198 431 ὥρισε
1228 377 1334 421 καθ’
1355 377 1408 421 ὃν
1426 375 1530 421 ἀπο-

133 441 242 484 τίσει
277 439 327 485 τό
364 437 511 508 χρέος·
551 435 795 480 ἐπιστεύετο
835 435 882 478 δε
912 433 985 477 δια
1015 432 1093 490 τὴν
1121 434 1331 493 πατρώαν
1359 450 1532 489 περιου-

134 498 246 540 σίαν
285 495 515 546 ἐνστάντος
556 491 602 535 δὲ
644 496 725 536 τοῦ
764 490 1045 545 ὁρισθέντος,
1083 490 1156 533 καὶ
1187 491 1245 546 μή
1287 492 1395 546 έχων
1425 490 1535 534 ἀπο-

134 556 319 607 δοῦναι,
361 550 492 595 πάλιν
529 548 647 600 ἐταξε
682 548 920 602 τριάκοντα
948 546 1124 616 ημερῶν
1153 549 1440 602 προθεσμίαν.
1474 546 1534 598 ὥς

134 609 185 655 δὲ
222 608 298 653 καὶ
332 606 491 675 ταύτης
515 604 762 676 ἐπιστάσης
802 606 847 648 οἱ
883 619 962 672 μεν
1002 600 1226 673 ἀπῃτουν,
1265 603 1288 646 ὁ
1319 603 1367 647 δὲ
1401 603 1531 648 οὐδὲν
1563 613 1616 653 10

132 664 272 710 πλέον
301 662 411 720 εἶχεν
440 660 618 714 ἀνύειν,
648 661 673 705 6
703 661 745 704 6’
774 661 884 716 ἔρως
913 659 1125 728 ἤκμαζεν,
1155 659 1395 730 ἐπεχείρησε
1424 658 1533 713 πρά-

133 724 198 776 ξει
225 717 580 789 παραλογωτάτῃ.
617 717 892 788 ἐπιβουλεύει
930 733 1010 772 μεν
1037 715 1123 772 γὰρ
1152 716 1258 768 τούς
1299 715 1534 760 ἀπαιτοῦν-

133 795 233 831 τας,
264 777 405 845 ἑαυτῷ
445 775 490 819 δὲ
528 773 801 830 μοναρχικήν
839 773 1043 825 ἐξουσίαν
1068 773 1316 844 1περιέθηκε.
1348 785 1533 829 συναγο-

66 862 67 866 =
133 835 278 903 ράσας
302 849 387 888 γαρ
408 832 696 881 πεντακοσίας
723 832 980 899 πανοπλίας,
1009 829 1083 872 καὶ
1111 829 1275 884 χρόνον
1307 834 1384 885 τῆς
1410 837 1533 885 τιμῆς
1566 839 1618 881 15

131 888 373 941 συντάξας,
402 889 475 932 καὶ
503 889 773 938 πιστευθείς,
805 886 953 942 λάθρᾳ
981 885 1096 954 πρὸς
1112 885 1251 940 ἀγρόν
1271 903 1370 929 τινα
1399 902 1535 941 παρα-

135 947 321 1002 κομίσας
368 944 475 996 τοὺς
511 946 653 995 ἰδίους
693 943 887 987 ἀνέσεισε
925 942 1037 996 πρὸς
1072 940 1314 985 ἀπόστασιν
1353 943 1538 995 οἰκέτας,

133 1003 446 1056 τετρακοσίους
475 998 619 1052 ὄντας.
649 997 742 1071 ε1ἶτα
772 999 1009 1069 ἀναλαβὼν
1040 997 1249 1069 διάδημα,
1261 999 1335 1042 καὶ
1363 1000 1538 1069 περιβό-

133 1064 265 1104 λαιον
303 1061 574 1128 πορφυροῦν
613 1057 689 1100 καὶ
729 1055 1005 1126 ῥαβδούχους
1044 1056 1118 1098 καὶ
1146 1055 1200 1098 τά
1231 1053 1342 1099 α’λλα
1372 1056 1538 1112 εὔσημα

68 1113 73 1127 ’
129 1120 214 1187 ,τῆς
252 1113 406 1171 ἀρχῆς,
447 1114 523 1182 κα1ὶ
565 1113 745 1183 βασιλέα
781 1113 941 1156 ἑαυτόν
979 1114 1190 1181 συνεργία
1218 1117 1323 1182 1ττ5ν
1359 1113 1535 1156 δούλων
1562 1122 1619 1163 20

136 1170 391 1224 ἀναδείξας,
428 1187 534 1221 τους
573 1186 652 1225 μεν
687 1169 986 1220 ἀπαιτοῦντας
1021 1168 1103 1225 τήν
1129 1167 1262 1241 1τιμὴν
1290 1174 1366 1225 τῆς
1398 1169 1535 1241 κόρης

137 1230 352 1298 ῥαβδίσας
388 1228 652 1278 ἐπελέκισεν,
703 1227 929 1278 ἐξοπλίσας
969 1225 1016 1269 δὲ
1059 1225 1164 1275 τούς
1209 1226 1378 1277 οἰκέτας
1416 1227 1539 1284 ἐπῃει

135 1285 217 1337 τάς
261 1284 474 1340 σύνεγγυς
511 1283 748 1335 ἐπαύλεις,
777 1283 853 1327 καὶ
889 1281 994 1332 τούς
1023 1298 1102 1337 μεν
1131 1282 1395 1353 προθύμως
1407 1296 1539 1327 συνα-

136 1341 439 1413 φισταμένους
467 1339 727 1393 καθώπλιζε,
757 1338 863 1390 τούς
893 1337 936 1383 δ’
969 1337 1340 1394 ἀντιπράττοντας
1371 1338 1537 1398 ἀνήρει.

135 1399 246 1454 ταχύ
276 1397 322 1442 δὲ
352 1397 616 1468 συναγαγών
645 1396 910 1451 στρατιώτας
939 1396 1115 1446 πλείους
1143 1400 1233 1440 τῶν
1252 1397 1534 1451 ἑπτακοσίων,
1565 1405 1621 1448 25

138 1457 214 1501 καὶ
242 1454 430 1527 τούτους
460 1457 519 1505 εἰς
534 1454 883 1524 ἑκατονταρχίας
911 1452 1171 1505 καταλέξας,
1212 1453 1433 1526 ἐνεβάλετο
1463 1455 1537 1525 χά-

140 1529 257 1568 ρακα
285 1513 358 1555 καὶ
387 1511 492 1562 τοὺς
522 1509 850 1582 ἀφισταμένους
879 1507 1122 1579 υπεδέχετο.
1165 1514 1242 1565 τῆς
1273 1509 1315 1554 6’
1347 1510 1538 1555 ἀποστά-
1602 1557 1605 1561 ,

140 1582 251 1619 σεως
280 1571 340 1619 είς
362 1567 544 1639 Ρώμην
574 1567 940 1636 ἀπαγγελθείσης,
976 1584 1004 1622 η
1037 1565 1274 1622 σύγκλητος
1303 1567 1539 1637 ἐμφρόνως

140 1625 241 1679 περὶ
271 1624 405 1680 αὐτης
439 1623 730 1681 ἐβουλεύσατο
770 1624 844 1667 καὶ
874 1624 1154 1677 κατώρθωσε.
1195 1628 1285 1667 τῶν
1313 1624 1397 1680 γάρ
1426 1643 1539 1670 κατα
1568 1635 1625 1676 30

140 1681 274 1727 πόλιν
302 1685 554 1750 στρατηγῶν
590 1680 853 1732 ἀπέδειξεν
838 1680 915 1724 ε’να
944 1696 1054 1737 προς
1086 1679 1166 1736 τήν
1194 1684 1284 1724 τῶν
1312 1684 1542 1736 δραπετῶν

143 1737 388 1810 σύλληψιν,
428 1738 620 1782 Λεύκιον
648 1737 949 1781 Λούκουλλον
981 1739 1110 1786 οὗτος
1140 1736 1185 1779 δὲ
1215 1736 1472 1808 αὐθημερόν
1495 1739 1544 1784 ἐκ

141 1799 220 1864 τῆς
243 1794 409 1855 Ῥώμης
436 1795 629 1846 ἐπιλέξας
659 1793 926 1848 στρατιώτας
955 1792 1222 1844 ἑξακοσίους,
1255 1796 1314 1845 εἰς
1343 1794 1423 1850 τὴν
1453 1799 1545 1840 Κα-

139 1851 260 1908 πύην
287 1848 396 1907 ἦλθε
433 1852 731 1905 συναθροίσας
766 1849 923 1919 πεζούς
952 1850 1032 1904 μὲν
1059 1853 1445 1920 τετρακις1χιλίους,
1477 1855 1544 1896 ἱπ-

139 1913 235 1958 πεῖς
264 1909 309 1952 δὲ
330 1909 650 1962 τετρακοσίους
682 1906 705 1951 ὁ
731 1908 777 1951 δὲ
810 1906 1014 1957 Οὐέττιος
1041 1905 1121 1962 τὴν
1150 1905 1295 1963 ὁρμὴν
1323 1913 1405 1952 τοῦ
1425 1913 1540 1953 Λου-
1569 1916 1625 1959 35

139 1964 337 2009 κούλλου
375 1964 628 2019 πυθόμενος
666 1963 924 2020 κατελάβετο
972 1963 1116 2018 λόφον
1154 1966 1389 2019 καρτερόν,
1430 1967 1540 2023 ἔχων

721 2194 739 2202 m

141 2191 222 2236 τὸν
259 2208 338 2247 μεν
375 2190 619 2260 στρατηγόν
658 2207 738 2234 του
781 2189 989 2233 Οὐεττίου
1015 2188 1311 2234 Ἀπολλώνιον
1341 2195 1542 2249 διαφθεί-

72 2293 75 2304 ,
140 2263 226 2302 ρας
264 2247 287 2292 ὁ
327 2246 631 2299 Λούκουλλος,
671 2247 745 2290 καὶ
788 2264 840 2303 τη
873 2248 1066 2315 δημοσία
1094 2249 1234 2290 πίστει
1271 2248 1352 2303 τήν
1384 2250 1543 2306 ἄφεσιν

73 2305 75 2352 fl
142 2309 221 2359 τῆς
249 2307 461 2360 τιμωρίας
500 2303 768 2360 βεβαιώσας,
807 2305 987 2375 ἐ’πεισεν1
1008 2301 1147 2346 αὐτὸν
1175 2305 1400 2363 προδότην
1427 2308 1543 2363 γενέ-

73 2358 75 2383 ²
144 2366 252 2404 σθαι
288 2365 378 2404 τῶν
418 2364 771 2432 συναποστατῶν.
811 2359 881 2404 διὸ
919 2359 993 2403 καὶ
1029 2359 1192 2403 τούτου
1221 2368 1544 2418 συνεργοῦντος

144 2422 238 2468 τοῖς
263 2415 490 2472 Ῥωμαίοις
516 2418 588 2460 καὶ
617 2417 693 2468 τὰς
720 2421 867 2485 χεῖρας
895 2417 1222 2471 προςφέροντος
1245 2423 1306 2474 τῷ
1335 2419 1539 2491 Οὐεττίῳ,
1570 2425 1625 2470 45

145 2474 362 2544 φοβηθεὶς
390 2474 468 2530 τὴν
497 2473 543 2517 ἐκ
571 2477 646 2529 τῆς
674 2472 876 2524 ἀλωσεως
904 2475 1126 2528 τιμωρίαν
1158 2474 1318 2518 ἑαυτὸν
1347 2475 1540 2546 ἀπέσφα-

148 2533 242 2584 ξεν,
293 2529 449 2574 αὐτίκα
492 2531 872 2576 συναπολωλότων
910 2530 986 2575 καὶ
1024 2534 1116 2574 τῶν
1152 2534 1230 2588 τῆς
1261 2530 1544 2588 ἀποστάσεως

147 2665 206 2702 10.
230 2663 342 2702 πλέον
366 2664 495 2701 Amst..
519 2666 573 2700 ed.
597 2665 690 2700 enim
713 2663 835 2702 πλέων
973 2661 1217 2724 16.ἀνε1’σεισε
1239 2668 1282 2709 Α,
1305 2669 1434 2705 caeteri
1458 2669 1542 2707 οἰνέ-

149 2723 258 2756 στησε
380 2714 438 2747 19.
462 2710 568 2757 ἄλλα]
595 2711 688 2748 ἄλλα
710 2712 756 2747 τοὶ
774 2714 803 2747 Α
926 2711 985 2748 20.
1010 2710 1160 2758 ἑαυτὸν]
1186 2711 1302 2750 αὑτὸν
1325 2716 1359 2751 Β
1481 2717 1541 2753 27.

148 2756 342 2805 ’ἐνεβάλετο
367 2759 420 2801 Β,
446 2756 656 2806 ἐνεβάλλετο
682 2757 824 2795 caeteri.
856 2755 1025 2805 ἐβάλλετο
1049 2760 1209 2805 Scaliger

244 2827 325 2864 531.
348 2826 404 2863 88.
430 2827 617 2875 συμβολῆς
639 2825 668 2865 Α
691 2827 800 2865 Amst
792 2851 822 2876 ,
845 2829 973 2866 caeteri
995 2829 1205 2877 συμβουλῆς
