1968 3346
431 229 490 270 98
600 223 899 269 EXCERPTA
927 223 1214 270 VATchNA
1241 226 1290 270 L.
1311 226 1462 270 XXXI.
1491 228 1664 271 XXXII.

437 335 464 381 ὁ
477 334 699 405 βασιλεὺς
727 335 1073 380 κατασκευάσειν
1100 336 1148 381 ἐκ
1177 339 1311 381 λίθου
1339 342 1511 383 λευκοῦ.
1556 337 1718 384 Ῥόδιοι
1748 357 1826 396 μεν

439 396 524 438 οὐν
548 392 757 436 κάλλιστα
772 396 863 436 τῶν
878 391 1099 448 Ἑλλήνων
1122 394 1465 467 πολιτευόμενοι
1485 396 1678 448 πολλους
1697 398 1826 469 ἔσχον

439 449 769 507 ἁμιλλωμένους
806 453 896 493 τῶν
939 452 1172 497 δυναστῶν
1212 452 1273 503 εἰς
1301 452 1380 504 τοὶς
1411 456 1488 510 τῆς
1516 452 1683 506 πόλεως
1710 454 1828 511 εὐερ·

437 509 597 565 γεσίας.

410 581 437 624 5
552 577 602 616 11.
652 572 853 618 καθόλου
883 573 930 618 δε
960 575 1019 626 εἷς
1055 590 1163 625 τους
1202 572 1376 631 ἀγῶνας
1414 575 1574 649 ἐλὲζων
1599 575 1740 647 ὥςπερ
1770 576 1825 621 τοὶ

435 633 623 687 κίβδηλα
651 635 741 674 τῶν
768 630 1051 701 νομισμάτων
1072 630 1285 683 ἅλλοῖος’
1268 632 1410 689 εφοένη
1431 634 1504 677 καὶ
1526 632 1606 678 τόν
1631 632 1827 690 πόλεμον

436 694 529 749 τοῖς
559 689 688 739 ἰδίοις
719 687 1014 758 ἐλαττώμασιν
1042 686 1243 745 ηὔξησεν.

539 744 640 788 Ὀτι
669 746 714 788 οἱ
737 743 915 788 Ῥόδιοι
931 743 1119 788 ἐδόκουν
1141 744 1453 814 παραπλήσιόν
1482 763 1524 790 τι
1552 745 1826 791 πεπονθέναι

438 807 534 854 ταῖς
571 805 661 845 τῶν
702 800 877 856 α’ρκτων
915 804 1156 874 κυνηγίαις.
1201 803 1275 846 καὶ
1304 819 1390 857 γαρ
1433 803 1577 847 ἐκεῖνα
1605 820 1658 847 τα
1687 806 1824 873 θηρία

380 857 548 908 1Οκατα
576 859 626 902 τὸ
655 859 839 929 μέγεθος
867 859 942 901 καὶ
969 861 1050 927 τήν
1076 857 1217 913 αλκην
1249 861 1472 902 δοκοῦντα
1495 877 1608 903 ειναι
1636 859 1823 916 φοβερά,

435 915 611 960 ἐπειδὰν
641 913 795 966 αὐτοῖς
824 914 1129 985 προςβάλωσιν
1159 932 1201 959 οι
1229 920 1527 986 κυνηγοῦντες
1550 919 1727 960 κυνίδια
1757 934 1824 973 μι-

435 973 524 1028 κρά
550 972 727 1043 ἐνεργα
765 972 811 1015 δὲ
852 978 948 1023 ταῖς
988 971 1162 1024 αλκαῖς,
1214 971 1302 1016 υπὸ
1344 973 1513 1016 τούτων
1539 972 1824 1042 εὐχερέστατα

433 1029 681 1085 τρέπονται.
711 1027 902 1085 ἐχόντων
926 1046 1012 1098 γαρ
1045 1027 1194 1072 αυτῶν
1222 1029 1328 1080 τούς
1357 1030 1495 1082 πόδας
1525 1029 1722 1081 ἁπαλους
1750 1031 1824 1074 καὶ

435 1086 698 1141 σαρκωδεις,
730 1086 779 1129 ἐκ
809 1090 898 1128 τῶν
926 1084 1133 1129 ὑποκατω
1164 1102 1311 1140 μερων
1342 1086 1563 1130 δάκνοντα
1592 1103 1671 1138 τας
1699 1087 1825 1142 πτέρ-

379 1153 515 1196 15νας
545 1141 777 1211 ἀναγκαζει
806 1144 1026 1195 καθίζειν,
1067 1141 1148 1193 ἕως
1179 1143 1235 1186 ἄν
1265 1160 1329 1193 τις
1357 1148 1445 1187 τῶν
1471 1147 1723 1200 κυνηγετῶν
1749 1148 1825 1200 βα-

434 1199 524 1245 λών
553 1199 754 1256 ἐπιτύχῃ·
796 1198 869 1243 διὰ
907 1216 991 1255 γαρ
1031 1198 1112 1254 τὴν
1151 1199 1405 1270 βραδύτητα
1434 1202 1508 1244 καὶ
1540 1202 1824 1253 δυςκινησίαν

435 1256 644 1301 αδυνατεῖ
670 1260 830 1309 ψαῖραι
858 1259 934 1311 τῆς
963 1272 1054 1298 των
1088 1257 1301 1299 κυνιδίων
1329 1256 1635 1313 ἐλαφρότητος.
1676 1257 1751 1300 καὶ
1780 1259 1825 1300 οἱ

429 1313 593 1358 Ῥόδιοι
622 1312 972 1382 διαβεβοημένην
1003 1312 1170 1367 ἔχοντες
1188 1311 1269 1382 τὴν
1286 1312 1332 1355 ἐν
1349 1319 1440 1364 τοῖς
1461 1330 1659 1357 ναυτικοι.
1646 1317 1684 1363 ῖς
1713 1312 1825 1369 ἀγῶ-

434 1383 508 1416 σιν
537 1369 769 1439 ὑπεροχὴν
789 1367 877 1411 ὑπὸ
909 1370 1083 1423 μυαίων
1111 1369 1183 1411 καὶ
1214 1367 1469 1424 εὐαγωδίων
1504 1374 1726 1421 παντελῶς
1760 1386 1826 1424 μι-

375 1431 558 1482 2οκρων
597 1425 855 1480 παραδόξως
893 1425 1276 1480 συγκυκλούμενοι
1312 1425 1591 1483 πανταχόθεν
1628 1428 1688 1478 εἰς
1726 1429 1824 1478 δυς-

417 1485 641 1542 χρηστίαν
671 1483 902 1526 ἐνέπιπτον
931 1498 1012 1538 την
1043 1484 1261 1538 μεγίστην.

548 1550 749 1594 111.‘'On
779 1549 826 1593 ἓν
855 1552 1119 1620 Κελτιβηρία
1147 1548 1273 1600 πόλις
1301 1544 1359 1605 ἦν
1388 1547 1523 1605 μικρὰ
1556 1549 1720 1605 Βεγὲδα
1748 1568 1822 1594 κα·
1845 1569 1891 1604 89

432 1609 650 1666 λουμένη,
693 1607 767 1651 καὶ
804 1604 966 1662 ταύτης
1002 1606 1195 1663 μεγαλην
1235 1608 1433 1650 ἐπίδοσιν
1461 1607 1690 1677 λαβούσης
1721 1607 1822 1664 ἐψη-

434 1670 631 1737 φίσαντο
666 1662 806 1721 αὐτὴν
844 1665 1020 1719 μείζονα
1058 1661 1405 1716 κατασκευάζειν.
1444 1662 1472 1719 ἡ
1505 1664 1550 1707 δὲ
1581 1664 1823 1735 σύγκλητος

374 1720 747 1769 25ύποπτεύσασα
786 1720 867 1777 τήν
911 1720 980 1763 ἐπὶ
1008 1725 1161 1765 πλεῖον
1201 1718 1352 1764 αυτῶν
1392 1720 1520 1777 ἰσχύν
1559 1719 1822 1773 ἐξαπέστειλε

570 1827 627 1862 98.
652 1827 686 1861 3.
722 1821 856 1868 ἁμιλλ.]
887 1820 1003 1867 οἷμιλ.λ
1032 1825 1088 1857 ed.
1114 1825 1214 1858 Pom.
1242 1831 1275 1857 et
1304 1837 1385 1857 mox
1410 1823 1589 1879 κιὶβδηλα.

569 1875 626 1908 98
650 1874 682 1907 6.
719 1867 969 1915 νομισμάτων]
995 1870 1079 1903 Cod.
1098 1883 1160 1913 νν,
1187 1871 1466 1916 superimpositis
1451 1883 1545 1912 ooo,
1571 1883 1673 1916 quem
1693 1883 1819 1905 nexum

476 1921 526 1955 ita
551 1921 732 1963 explicavi.
767 1918 862 1950 ΜΑΙ.

569 1967 626 2000 98.
653 1966 685 2000 9
722 1961 877 2007 ἄρκτων]
905 1958 1030 2006 ὅρκων
1054 1962 1108 1997 ed.
1131 1965 1232 1996 Rom.

567 2013 626 2047 98.
653 2012 707 2046 16.
740 2008 991 2053 δυςκινησίαν]
1019 2009 1268 2063 δυσκυνησιάν
1292 2007 1346 2042 ed.
1370 2009 1473 2043 Rom.

567 2059 625 2092 98.
652 2058 706 2092 19.
740 2057 889 2101 μυαίων
919 2068 981 2089 και
1016 2051 1294 2100 εὐαγωδίων]<
1280 2063 1362 2088 sunt
1397 2056 1633 2089 navicularum
1662 2055 1819 2110 nomina,

477 2104 540 2138 sed
565 2110 741 2146 corrupta.
780 2103 835 2136 Ad
854 2102 1000 2145 μυαίων
1017 2103 1144 2135 alludit
1166 2098 1394 2144 μυοπάρων,
1419 2102 1462 2135 ad
1482 2103 1629 2135 alterum
1648 2097 1818 2136 ἀκάτιον.

569 2151 626 2184 98.
651 2150 708 2183 20.
746 2146 1070 2201 συγκυκλούμενοι]
1101 2149 1187 2181 Cod.
1213 2144 1513 2191 συγκαλούμενοι.
1546 2149 1643 2181 ΜΑΙ.

568 2197 624 2229 98.
650 2196 709 2229 21.
740 2193 927 2252 μεγίστην]
954 2192 1117 2237 μεγάλην
1142 2194 1196 2227 ed.
1227 2195 1329 2230 Rom.

567 2242 624 2275 98.
651 2241 707 2275 25.
738 2239 976 2284 ἐξαπέστειλε]
1012 2241 1131 2274 Codex
1164 2237 1258 2281 ἐξεπ.
1290 2239 1360 2272 Sed
1384 2239 1479 2272 idem
1502 2238 1626 2272 melius
1651 2235 1755 2281 ἔξαπ.
1780 2251 1816 2282 p

521 2387 581 2422 98
607 2389 642 2423 7.
676 2387 931 2422 perobscurum
953 2384 1043 2420 mihi
1066 2388 1119 2419 est
1142 2385 1185 2418 de
1208 2396 1360 2429 quonam
1384 2385 1528 2418 homine
1548 2384 1628 2418 heic
1651 2385 1815 2428 loquatur

427 2434 620 2475 Diodorum
651 2446 825 2479 quamquo
808 2445 866 2467 «ιιιι
897 2433 1061 2466 rhodium
1093 2431 1247 2475 aiiquem
1280 2431 1548 2476 inteliigendum
1572 2442 1647 2464 esse
1667 2430 1728 2464 vix
1751 2432 1816 2465 du—

429 2480 515 2514 bito.
553 2481 649 2514 MAI.
695 2481 781 2524 P013
781 2480 839 2513 bii
870 2480 912 2512 de
936 2479 1012 2512 Aris
1015 2482 1147 2511 toci-ate
1176 2478 1286 2512 verba
1318 2489 1354 2511 es
1357 2489 1394 2511 se
1418 2477 1585 2512 ΧΧΧΠΙ.
1614 2476 1648 2510 9
1681 2477 1815 2512 monuit

430 2527 546 2561 Maius
569 2527 613 2561 ad
636 2527 778 2570 Poly-bii
803 2527 885 2559 Exc.
912 2526 986 2558 Vat.
1012 2536 1044 2567 p.
1064 2524 1145 2559 433.

522 2572 578 2608 98.
603 2572 660 2608 21.
695 2571 861 2615 Suspicor
891 2570 986 2614 loqui
1010 2569 1202 2603 Diodorum
1226 2569 1269 2604 de
1292 2568 1513 2602 Rhodiorum
1538 2579 1619 2601 cum
1642 2568 1815 2602 cretensi-

428 2619 497 2652 bus
519 2619 632 2660 bello,
657 2618 748 2662 quod
772 2618 807 2651 in
831 2618 920 2651 haec
943 2621 1101 2658 tempora
1124 2615 1260 2658 incidit,
1285 2619 1335 2648 tes
1331 2619 1372 2648 ·te
1394 2614 1545 2658 Polybio
1563 2614 1730 2647 XXXIII.
1755 2613 1813 2648 14.

430 2665 498 2698 Sed
531 2644 649 2698 tanieil
681 2664 879 2697 coniectura
902 2663 986 2695 satis
1018 2663 1151 2695 incerta
1175 2666 1237 2695 esu
1286 2660 1509 2694 Rhodiorum
1534 2660 1673 2703 quidem
1699 2664 1812 2694 artem

426 2710 640 2748 maritimam
659 2711 813 2744 celebrat
824 2707 1345 2743 mithridati«obeuoDiodorus
1363 2707 1491 2749 fragm.
1502 2706 1555 2740 ed.
1567 2717 1599 2747 p.
1612 2705 1693 2739 613
1709 2706 1809 2738 MAI.

516 2755 574 2791 98.
600 2757 657 2792 22.
691 2757 781 2789 Num
805 2757 926 2789 eadem
958 2755 1040 2787 urb.
1064 2765 1098 2786 es
1103 2758 1115 2787 t
1137 2758 1240 2796 atque
1265 2753 1457 2796 Bergidum
1481 2752 1537 2784 vel
1560 2751 1723 2784 Antonini
1749 2751 1809 2784 vel

423 2801 642 2836 Ptolemaei?
673 2802 843 2845 Equidem
869 2803 993 2834 urbem
1019 2800 1199 2843 Begedam
1231 2810 1274 2834 ac
1295 2809 1371 2832 rem
1395 2798 1508 2842 ipsam
1531 2808 1611 2830 cum
1636 2796 1808 2832 Romanis

420 2852 630 2883 transactam
654 2848 796 2892 perinde
817 2847 954 2892 ignoro.
988 2846 1086 2880 MAl.
