1968 3346
393 216 449 256 12
620 210 917 254 EXCERPTA
947 210 1233 252 VATICANA
1259 213 1307 252 1..
1326 211 1544 254 vlt—X.

393 322 535 373 λέντες
572 320 713 389 ἄρδην
760 318 1026 364 ἀπολέσουσι
1065 321 1146 377 τήν
1172 325 1382 391 πατρίδα.
1404 323 1774 394 συνεβούλευσεν

395 381 479 423 οὐν
507 379 584 422 τὸν
613 377 787 452 κη’ρυκα
817 375 1112 432 ἀναγορεῦσαι
1131 376 1213 432 τήν
1234 384 1376 434 κυνῆν
1399 380 1475 422 ἐᾶν
1499 380 1556 432 ὠς
1583 383 1666 437 ἔχει
1687 382 1773 426 Φά-

393 441 574 485 λανθος.
608 441 662 478 οὐ
691 434 932 489 γενομένου
953 433 1057 483 τοὺς
1077 434 1156 489 μὲν
1174 438 1418 487 παρθενίας
1443 435 1773 494 άποστήσασθαι

392 496 470 549 τῆς
500 492 704 548 ἐπιβολῆς
731 492 803 534 καὶ
831 490 941 546 πρὸς
969 489 1168 533 διάλυσιν
1196 489 1399 548 ὁρμῆσαι.

364 559 392 603 5
511 561 564 602 Οἱ
604 559 650 602 δὲ
680 558 938 601 ἓπευνακταὶ
974 557 1186 628 θεωρους
1210 559 1456 613 πέμψαντες
1487 561 1546 612 εἰς
1575 561 1776 633 Δελφούς

392 614 629 685 ἐπηρώτων
667 616 704 658 εἶ
742 616 923 657 δίδωσιν
961 613 1110 664 αὐτοῖς
1139 614 1219 670 τὴν
1249 618 1518 659 Σικυωνίαν.
1562 617 1588 673 ἡ
1618 616 1659 661 δ’
1691 619 1776 675 ἔφη

477 672 616 716 καλόν
644 687 713 715 τοι
741 671 791 713 τὸ
821 669 978 724 μεταξυ
1010 672 1238 723 Κορίνθου
1268 673 1341 715 καὶ
1374 677 1628 725 Σικυῶνος·

477 727 575 772 ἀλλ’
604 726 688 773 οὐκ
719 726 910 795 οἰκήσεις
939 726 1039 770 οὐδ’
1072 729 1109 769 εἰ
1138 730 1407 782 παγχάλκεος
1424 731 1535 799 ε’ίης.

478 784 709 839 Σατύριον
744 782 914 852 φράζου
943 783 1017 826 καὶ
1050 783 1274 853 Τάραντος
1304 784 1466 840 ἀγλαὸν
1494 786 1616 840 ’ὕδωρ

338 849 392 888 10
477 843 551 886 καὶ
579 842 730 897 λιμένα
759 839 915 882 σκαιὸν
944 840 1018 882 καὶ
1048 838 1161 884 ὅπου
1189 840 1350 896 τράγος
1379 841 1545 898 ἀγλαόν
1575 841 1709 901 οἶδμα
1787 853 1828 887 11

481 898 724 966 ἀμφαγαπςῖ
753 895 796 940 τ’
826 894 1071 951 ἀκρόπολιν
1099 900 1294 966 γενείου,

480 955 590 998 ε’νθα
626 953 826 1023 Τάραντα
855 956 988 995 ποιοῦ
1018 952 1086 996 ἐπὶ
1115 952 1342 1024 Σατύρων
1371 929 1584 1010 βεβαωτα.

395 1010 663 1061 ἀκούσαντες
694 1010 740 1053 δὲ
769 1007 980 1065 ἠγνόουν.
1018 1007 1045 1064 ἡ
1077 1010 1122 1053 δὲ
1153 1012 1461 1065 φανερώτερον
1491 1013 1575 1068 ε’φη

480 1066 708 1122 Σατύριόν
735 1083 805 1110 τοι
835 1066 975 1108 ε’δωκα
1011 1065 1214 1119 Τάραντα
1243 1084 1287 1110 τε
1316 1069 1451 1111 πίονα
1481 1071 1624 1126 δῆμον

341 1123 393 1171 15
483 1126 658 1180 οἰκῆσαι
685 1124 758 1167 καὶ
787 1122 952 1179 πήματ’
979 1121 1221 1179 Ἰαπύγεσσι
1249 1123 1469 1181 γενέσθαι.

488 1228 543 1262 12.
569 1229 602 1261 8.
640 1225 819 1271 οἰκήσεις,
845 1222 948 1269 ουδ’]
983 1226 1132 1267 οἰκίσεις
1156 1240 1226 1261 ουκ
1250 1228 1304 1261 ed.
1328 1230 1430 1261 Rom.

488 1275 543 1307 12.
570 1275 604 1307 9.
639 1274 702 1328 καὶ
731 1272 936 1328 Τάραντος]
962 1274 1111 1306 fortasse
1134 1277 1250 1307 fuerat
1272 1271 1315 1307 τὸ
1346 1271 1538 1317 Τάραντός
1556 1270 1607 1308 τ’.

488 1321 624 1354 1211.
658 1315 1143 1375 ἄμφαγαπᾶτ’άκρόπολιν]
1170 1320 1225 1353 Ita
1245 1321 1323 1353 cod.
1345 1322 1474 1354 Recole
1495 1322 1630 1365 dictap
1635 1322 1722 1355 ..10
1739 1319 1776 1355 4

394 1366 491 1402 ΜΑΙ.
535 1367 668 1410 Scripsi
689 1363 900 1410 άμφαγαπᾷ
920 1363 958 1402 τ’
964 1389 972 1401 .
1021 1366 1249 1409 Reliquorum
1272 1378 1359 1410 quae
1381 1379 1457 1398 esse
1486 1332 1630 1400 debeatp
1632 1374 1777 1400 senteu-

394 1413 446 1445 tia
475 1413 631 1445 ostendit
657 1414 845 1468 Dionysius
871 1413 949 1444 Hal
973 1424 1009 1454 p·
1033 1411 1087 1443 ed.
1109 1412 1193 1443 Maii
1211 1413 1388 1444 Romanae
1407 1412 1487 1446 501.
1519 1425 1547 1446 s.
1538 1438 1567 1453 .‚
1602 1413 1779 1446 Mediola-

392 1459 512 1491 nensis
538 1459 615 1493 102
641 1471 667 1490 S.
682 1472 688 1490 z
713 1455 776 1492 ὅτε
798 1454 1088 1499 Λακεδαιμόνιοι
1111 1455 1310 1501 Μεσσήνην
1332 1455 1439 1491 {nol-¹
1423 1470 1536 1511 εμουν
1559 1457 1620 1492 καὶ
1645 1455 1780 1501 ἕρημος

394 1500 543 1547 ἀνδρῶν
573 1500 596 1548 ἦ
626 1502 730 1544 πόλις
755 1504 822 1546 ἠν,
860 1502 1050 1546 δεομέναις
1077 1507 1160 1543 ταῖς
1172 1502 1330 1558 γυναιξὶ
1359 1503 1421 1536 καὶ
1451 1501 1604 1543 μάλιστα
1629 1507 1709 1542 ταῖς
1738 1502 1778 1544 ἐν

393 1548 495 1594 ἀκμῇ
513 1549 719 1592 παρθένοις
729 1549 779 1594 μὴ
791 1550 971 1603 περιιδεῖν
987 1547 1054 1588 τοὶς
1070 1561 1136 1592 μεν
1157 1546 1324 1592 άγάμους
1341 1548 1409 1603 τοὶς
1427 1547 1467 1587 δὲ
1489 1548 1663 1589 ἀτέκνους
1680 1561 1778 1593 γινο-

392 1596 527 1640 μένας,
565 1594 770 1639 ἐπέμποντό
798 1609 894 1635 τινες
918 1591 975 1629 άεὶ
1006 1593 1085 1629 νέοι
1114 1595 1305 1639 παραλλάξ
1335 1590 1407 1630 άπὸ
1430 1597 1498 1630 τοῦ
1526 1595 1778 1638 στρατοπέδου

392 1643 459 1686 τῆς
480 1642 610 1685 μίξεως
628 1642 703 1677 τῶν
724 1644 911 1697 γυναικών
940 1640 1068 1682 ἕνεκα,
1096 1641 1159 1676 καὶ
1189 1641 1368 1687 συνῄεσαν
1391 1640 1452 1681 αἷς
1464 1640 1702 1697 ἐπιτύχοιεν.
1739 1640 1778 1676 ἐκ
1812 1645 1815 1647 “

392 1687 539 1722 τούτων
555 1689 720 1731 γίνονται
738 1689 812 1723 τῶν
831 1685 1055 1732 άδιακρίτων
1073 1686 1264 1743 ἐπιμιξιῶν
1284 1689 1415 1728 παῖδες
1435 1683 1500 1729 οὓς
1519 1687 1780 1732 ἀνδρωθέντας

394 1734 432 1769 οἱ
456 1734 748 1779 Λακεδαιμόνιοι
767 1734 1068 1788 προεπηλάκιζον
1083 1731 1131 1767 τά
1158 1747 1196 1768 τε
1221 1730 1313 1768 ἄλλα
1333 1734 1395 1768 καὶ
1420 1737 1628 1777 παρθενίας
1646 1747 1781 1779 προςη-

393 1779 564 1834 γόρευον.
601 1781 761 1822 στάσεως
781 1779 820 1816 δὲ
840 1779 1033 1838 γενομένης
1050 1776 1268 1824 ἡττηθέντες
1287 1779 1323 1815 οἱ
1347 1782 1550 1836 παρθενίαι
1565 1779 1780 1836 άναχωροῦψ

395 1838 455 1861 σιν
475 1824 619 1867 εκόντες
636 1826 674 1862 ἐκ
692 1829 757 1873 τῆς
774 1826 929 1869 πόλεως,
947 1826 1009 1860 καὶ
1026 1825 1238 1882 πέμψαντες
1260 1829 1311 1866 εἰς
1330 1825 1501 1882 Δελφοῦς
1517 1826 1695 1882 χρησμὸν
1699 1826 1780 1864 ε’λα-

395 1874 465 1918 βον
483 1876 587 1907 πλεῖν
610 1875 662 1914 εἰς
676 1872 843 1913 Ἰταλίαν,
871 1872 1084 1916 εξευρόντας
1102 1870 1141 1907 δὲ
1161 1874 1297 1916 χωρίον
1313 1873 1379 1919 τῆς
1389 1869 1573 1927 Ἰαπυγίας
1590 1871 1781 1917 Σατὺριον

393 1919 457 1953 καὶ
474 1918 644 1963 ποταμὸν
669 1918 862 1977 Τάραντα,
888 1919 984 1954 «ἔνθα
1005 1920 1111 1953 ἴδωσι
1137 1917 1275 1963 τράγον
1285 1922 1339 1973 τῇ
1358 1917 1525 1976 θαλάττῃ
1547 1919 1720 1975 τέγγοντα
1736 1919 1777 1954 τὸ

394 1964 553 2009 γένειον,
580 1965 654 2001 ἐκεῖ
677 1967 766 2007 τοὺς
789 1967 896 2023 βίους
926 1963 1165 2009 ἱδρυσασθαι.
1205 1963 1423 2004 πλεύσαντες
1450 1963 1490 2000 δὲ
1515 1964 1581 2000 τὸν
1605 1965 1780 2021 ποταμόν

395 2010 545 2055 ἐξεῦρον
556 2012 618 2046 καὶ·
635 2011 729 2047 κατά
741 2026 841 2052 τινος
860 2011 1004 2068 ἕρινεοΙῦ
1022 2011 1182 2069 πλησίον
1195 2012 1260 2056 τῆς
1277 2010 1466 2068 θαλάττης
1483 2010 1695 2055 πεφυκότος
1711 2010 1780 2055 άμ-

395 2060 506 2092 πελον
526 2056 731 2094 ἐθεάσαντο
755 2057 1072 2113 κατακεχυμένην,
1103 2054 1182 2098 εξ
1161 2071 1204 2102 ης
1222 2071 1295 2092 των
1313 2056 1527 2113 ἐπιτράγων
1536 2071 1591 2098 τις
1607 2056 1780 2113 καθειμέ-

395 2115 462 2142 νος
485 2101 618 2148 ἥπτετο
639 2107 709 2161 τῆς
726 2102 926 2161 θαλάττης.
953 2105 1089 2139 τοῦτον
1105 2101 1335 2158 υπολαβόντε
1339 2117 1355 2142 ς
1373 2109 1467 2138 εἰναι
1488 2102 1553 2138 τόν
1578 2102 1714 2147 τράγον
1734 2100 1778 2139 ὃν

395 2153 574 2191 προεῖπεν
602 2148 731 2191 αὐτοῖς
759 2148 778 2186 6
804 2148 895 2189 θεὸς
924 2148 1087 2192 ὄψεσθαι
1114 2162 1148 2183 τ
1139 2148 1287 2192 ’γγοντα
1309 2148 1382 2183 τὸ
1374 2149 1512 2206 γένειον
1531 2150 1577 2193 τῇ
1598 2149 1779 2195 θαλάττῃ,

397 2194 519 2230 αὐτοῦ
537 2196 708 2240 μένοντες
722 2196 924 2238 ἐπολέμουν
938 2195 1109 2239 Ἰάπυγας
1122 2196 1184 2229 καὶ
1203 2194 1397 2240 ιδρύονται
1410 2194 1478 2239 τήν
1497 2193 1692 2239 ἐπώνυμον
1710 2198 1780 2231 τοῦ

397 2244 570 2286 ποταμοῦ
590 2243 781 2286 Τάραντος
799 2240 919 2276 πόλιν.
953 2246 1074 2287 ltaque
1093 2238 1130 2275 τ’
1149 2243 1300 2275 fortasse
1318 2243 1362 2274 de
1381 2240 1517 2285 τέγγων
1535 2244 1695 2276 relictum
1717 2251 1782 2278 est.

491 2291 629 2324 1212.
668 2288 764 2323 ε’νθα
792 2286 964 2330 Τάραντα
990 2288 1213 2342 praecedenti
1237 2289 1349 2323 versui
1373 2290 1473 2321 addit
1497 2289 1552 2324 ed.
1575 2290 1678 2324 Rom.

491 2336 547 2369 12.
576 2337 630 2370 13.
665 2333 934 2390 φανερώτερον]
963 2331 1212 2392 φανερότερον
1237 2334 1288 2366 ed.
1318 2336 1414 2368 Rom.

492 2381 628 2416 1214.
677 2379 874 2424 Τάραντά]
921 2380 984 2418 καὶ
1022 2376 1198 2422 Τάραντά
1242 2380 1295 2413 ed.
1331 2381 1454 2414 Rom..
1503 2387 1700 2414 correctum
1739 2393 1781 2415 ex

397 2427 590 2466 Strabone,
615 2429 673 2484 qui
701 2436 736 2461 et
765 2428 877 2461 δῶκα.

492 2474 546 2506 12.
573 2473 628 2509 15.
661 2471 878 2517 Ἰαπύγεσσι]
920 2473 1004 2506 Cod.
1040 2468 1246 2515 ἀδησιγησι.
1291 2472 1390 2505 ΜΑΙ,
1440 2468 1661 2515 Ἰαπνγέεσσι
1695 2472 1782 2506 citat

398 2519 600 2553 Mazochius
632 2520 676 2552 ad
709 2521 779 2555 tab.
814 2520 952 2552 Heracl.
987 2531 1022 2562 p.
1052 2518 1133 2559 89.‚
1168 2517 1285 2553 neseio
1319 2530 1362 2551 an
1395 2526 1509 2552 metro
1544 2519 1778 2559 cousustfflus,

400 2565 577 2609 quomodo
602 2566 770 2599 debuerat
792 2562 1018 2608 Ἰαπυγίοισι.

490 2665 548 2702 12.
571 2666 605 2702 3.
640 2665 861 2710 παρθενίας]
887 2664 1024 2708 Quippe
1046 2663 1155 2697 etiam
1171 2662 1381 2697 Parthenssae
1397 2662 1678 2707 conspiraverant
1700 2675 1782 2700 cum

400 2711 623 2754 Epeunactis.
671 2713 799 2745 Strabo
822 2711 908 2744 ibid.
946 2710 1045 2742 MAI.

492 2757 549 2791 12.
575 2758 631 2793 12.
669 2757 788 2802 Signis
809 2756 1017 2800 quibusdam
1046 2754 1164 2788 sedem
1187 2754 1385 2787 condendae
1406 2753 1504 2788 urbis
1534 2754 1722 2789 invenire
1709 2767 1781 2790 lus-

401 2813 478 2836 snm
500 2804 740 2838 Phalanthum
761 2770 831 2837 aitq
832 2802 939 2836 etiam
963 2801 1172 2835 Plutarchus
1196 2801 1238 2833 de
1260 2801 1313 2833 Px
1318 2801 1367 2834 th
1393 2811 1444 2834 or.
1468 2801 1603 2843 Ῑ»..606
1636 2801 1734 2835 MAI.

493 2849 548 2883 12.
574 2849 630 2884 15.
663 2850 713 2884 lli
730 2850 798 2884 duo
809 2860 929 2884 versus
945 2849 1061 2882 extant
1078 2846 1186 2881 etiam
1204 2846 1298 2889 apud
1312 2846 1518 2881 Strabonem
1537 2848 1594 2883 Vi.
1619 2847 1652 2882 3.
1678 2848 1778 2884 MAI.
