<?xml version="1.0" encoding="UTF-8"?>
<!DOCTYPE html PUBLIC "-//W3C//DTD XHTML 1.0 Transitional//EN"
    "http://www.w3.org/TR/xhtml1/DTD/xhtml1-transitional.dtd">
<html xmlns="http://www.w3.org/1999/xhtml" xml:lang="en" lang="en">
 <head>
  <title>
</title>
<meta http-equiv="Content-Type" content="text/html;charset=utf-8" />
  <meta name='ocr-system' content='tesseract 3.04.00' />
  <meta name='ocr-capabilities' content='ocr_page ocr_carea ocr_par ocr_line ocrx_word'/>
</head>
<body>
  <div class='ocr_page' id='page_1' title='image "./p2bibliothecahisto02dioduoft_0346.png"; bbox 0 0 1968 3346; ppageno 0'>
   <div class='ocr_carea' id='block_1_1' title="bbox 404 243 1640 291">
    <p class='ocr_par' dir='ltr' id='par_1_1' title="bbox 404 243 1640 291">
     <span class='ocr_line' id='line_1_1' title="bbox 404 243 1640 291; baseline -0.001 -1"><span class='ocrx_word' id='word_1_1' title='bbox 404 249 463 290; x_wconf 75' lang='lat'><strong><em>70</em></strong></span> <span class='ocrx_word' id='word_1_2' title='bbox 565 243 866 289; x_wconf 72' lang='lat' dir='ltr'><strong>EXCERPTA</strong></span> <span class='ocrx_word' id='word_1_3' title='bbox 893 244 1178 291; x_wconf 79' lang='lat' dir='ltr'><strong>VATICANA</strong></span> <span class='ocrx_word' id='word_1_4' title='bbox 1207 248 1256 289; x_wconf 77' lang='lat'><strong>1..</strong></span> <span class='ocrx_word' id='word_1_5' title='bbox 1281 246 1640 290; x_wconf 74' lang='lat' dir='ltr'><strong>XXV1.-XXX.</strong></span> 
     </span>
    </p>
   </div>
   <div class='ocr_carea' id='block_1_2' title="bbox 412 353 1857 486">
    <p class='ocr_par' dir='ltr' id='par_1_2' title="bbox 412 353 1857 472">
     <span class='ocr_line' id='line_1_2' title="bbox 514 353 1857 417; baseline 0.004 -18.087"><span class='ocrx_word' id='word_1_6' title='bbox 514 353 615 400; x_wconf 61' lang='lat' dir='ltr'><strong><em>“Ova</em></strong></span> <span class='ocrx_word' id='word_1_7' title='bbox 642 355 693 400; x_wconf 85' lang='grc' dir='ltr'><em>τό</em></span> <span class='ocrx_word' id='word_1_8' title='bbox 724 359 890 409; x_wconf 78' lang='grc' dir='ltr'><strong><em>ψεῦδος</em></strong></span> <span class='ocrx_word' id='word_1_9' title='bbox 927 357 975 402; x_wconf 77' lang='grc' dir='ltr'><strong><em>ἓν</em></strong></span> <span class='ocrx_word' id='word_1_10' title='bbox 1011 361 1106 409; x_wconf 88' lang='grc' dir='ltr'><strong><em>τοῖς</em></strong></span> <span class='ocrx_word' id='word_1_11' title='bbox 1143 358 1323 409; x_wconf 81' lang='grc' dir='ltr'><strong><em>οἰκείοις</em></strong></span> <span class='ocrx_word' id='word_1_12' title='bbox 1356 356 1590 416; x_wconf 78' lang='grc' dir='ltr'><strong><em>τιθέμενον</em></strong></span> <span class='ocrx_word' id='word_1_13' title='bbox 1625 363 1857 417; x_wconf 70' lang='grc' dir='ltr'><strong><em>καιροῖς62</em></strong></span> 
     </span>
     <span class='ocr_line' id='line_1_3' title="bbox 412 413 1379 486; baseline -0.001 -27"><span class='ocrx_word' id='word_1_14' title='bbox 412 413 551 486; x_wconf 72' lang='grc' dir='ltr'><strong><em>ἐνίοτε</em></strong></span> <span class='ocrx_word' id='word_1_15' title='bbox 581 415 748 470; x_wconf 74' lang='grc' dir='ltr'><strong><em>γίνεται</em></strong></span> <span class='ocrx_word' id='word_1_16' title='bbox 777 417 980 472; x_wconf 79' lang='grc' dir='ltr'><em>μεγάλων</em></span> <span class='ocrx_word' id='word_1_17' title='bbox 1011 413 1196 472; x_wconf 74' lang='grc' dir='ltr'><strong><em>ἀγαθῶν</em></strong></span> <span class='ocrx_word' id='word_1_18' title='bbox 1226 417 1379 460; x_wconf 78' lang='grc' dir='ltr'><strong><em>αἴτιον.</em></strong></span> 
     </span>
    </p>
   </div>
   <div class='ocr_carea' id='block_1_3' title="bbox 359 491 1806 1687">
    <p class='ocr_par' dir='ltr' id='par_1_3' title="bbox 359 491 1806 1687">
     <span class='ocr_line' id='line_1_4' title="bbox 529 491 1802 564; baseline 0.002 -28"><span class='ocrx_word' id='word_1_19' title='bbox 529 494 583 537; x_wconf 76' lang='lat' dir='ltr'><strong><em>V,</em></strong></span> <span class='ocrx_word' id='word_1_20' title='bbox 623 491 722 537; x_wconf 71' lang='lat' dir='ltr'><strong><em>“On</em></strong></span> <span class='ocrx_word' id='word_1_21' title='bbox 757 496 958 540; x_wconf 81' lang='grc' dir='ltr'><em>Σκιπίων</em></span> <span class='ocrx_word' id='word_1_22' title='bbox 987 493 1066 537; x_wconf 81' lang='grc' dir='ltr'><strong><em>τὸν</em></strong></span> <span class='ocrx_word' id='word_1_23' title='bbox 1095 493 1293 548; x_wconf 85' lang='grc' dir='ltr'><strong><em>Σύφακα</em></strong></span> <span class='ocrx_word' id='word_1_24' title='bbox 1321 492 1401 537; x_wconf 84' lang='grc' dir='ltr'><strong><em>τὸν</em></strong></span> <span class='ocrx_word' id='word_1_25' title='bbox 1440 493 1620 564; x_wconf 82' lang='grc' dir='ltr'><strong><em>βασιλέα</em></strong></span> <span class='ocrx_word' id='word_1_26' title='bbox 1653 493 1802 564; x_wconf 83' lang='grc' dir='ltr'><strong><em>αἰχμά-</em></strong></span> 
     </span>
     <span class='ocr_line' id='line_1_5' title="bbox 416 549 1802 621; baseline 0.002 -29"><span class='ocrx_word' id='word_1_27' title='bbox 416 554 559 593; x_wconf 87' lang='grc' dir='ltr'><strong><em>λωτον</em></strong></span> <span class='ocrx_word' id='word_1_28' title='bbox 587 549 738 605; x_wconf 72' lang='grc' dir='ltr'><strong><em>λαβών</em></strong></span> <span class='ocrx_word' id='word_1_29' title='bbox 766 551 839 594; x_wconf 81' lang='grc' dir='ltr'><strong><em>καὶ</em></strong></span> <span class='ocrx_word' id='word_1_30' title='bbox 869 552 1116 621; x_wconf 76' lang='grc' dir='ltr'><em>δεδεμένον</em></span> <span class='ocrx_word' id='word_1_31' title='bbox 1130 551 1267 602; x_wconf 83' lang='grc' dir='ltr'><strong><em>λύσας</em></strong></span> <span class='ocrx_word' id='word_1_32' title='bbox 1296 550 1624 621; x_wconf 75' lang='grc' dir='ltr'><strong><em>φιλανθρώπως</em></strong></span> <span class='ocrx_word' id='word_1_33' title='bbox 1655 550 1802 607; x_wconf 91' lang='grc' dir='ltr'><strong><em>ωμίλει</em></strong></span> 
     </span>
     <span class='ocr_line' id='line_1_6' title="bbox 389 606 1802 679; baseline 0 -27"><span class='ocrx_word' id='word_1_34' title='bbox 389 606 564 665; x_wconf 76' lang='grc' dir='ltr'><strong><em>5αυτς5·</em></strong></span> <span class='ocrx_word' id='word_1_35' title='bbox 606 606 712 666; x_wconf 81' lang='grc' dir='ltr'><strong><em>ῳέτο</em></strong></span> <span class='ocrx_word' id='word_1_36' title='bbox 743 607 828 663; x_wconf 74' lang='grc' dir='ltr'><strong><em>γὰρ</em></strong></span> <span class='ocrx_word' id='word_1_37' title='bbox 866 610 958 653; x_wconf 85' lang='grc' dir='ltr'><em>δεῖν</em></span> <span class='ocrx_word' id='word_1_38' title='bbox 986 607 1067 665; x_wconf 76' lang='grc' dir='ltr'><strong><em>τήν</em></strong></span> <span class='ocrx_word' id='word_1_39' title='bbox 1098 607 1168 651; x_wconf 79' lang='grc' dir='ltr'><strong><em>ἐπὶ</em></strong></span> <span class='ocrx_word' id='word_1_40' title='bbox 1199 612 1281 651; x_wconf 83' lang='grc' dir='ltr'><strong><em>τοῦ</em></strong></span> <span class='ocrx_word' id='word_1_41' title='bbox 1317 607 1512 662; x_wconf 79' lang='grc' dir='ltr'><strong><em>πολέμου</em></strong></span> <span class='ocrx_word' id='word_1_42' title='bbox 1543 609 1706 663; x_wconf 75' lang='grc' dir='ltr'><strong><em>ἔχθραν</em></strong></span> <span class='ocrx_word' id='word_1_43' title='bbox 1733 609 1802 679; x_wconf 54' lang='grc' dir='ltr'><strong><em>με’-</em></strong></span> 
     </span>
     <span class='ocr_line' id='line_1_7' title="bbox 415 663 1800 732; baseline 0.002 -27"><span class='ocrx_word' id='word_1_44' title='bbox 415 680 493 732; x_wconf 89' lang='grc' dir='ltr'><strong><em>χρι</em></strong></span> <span class='ocrx_word' id='word_1_45' title='bbox 519 666 599 706; x_wconf 84' lang='grc' dir='ltr'><strong><em>τοῦ</em></strong></span> <span class='ocrx_word' id='word_1_46' title='bbox 627 668 758 708; x_wconf 78' lang='grc' dir='ltr'><strong><em>νικᾶν</em></strong></span> <span class='ocrx_word' id='word_1_47' title='bbox 788 664 1049 720; x_wconf 79' lang='grc' dir='ltr'><em>φυλάττειν,</em></span> <span class='ocrx_word' id='word_1_48' title='bbox 1092 666 1152 714; x_wconf 85' lang='grc' dir='ltr'><strong><em>εἰς</em></strong></span> <span class='ocrx_word' id='word_1_49' title='bbox 1183 666 1229 710; x_wconf 81' lang='grc' dir='ltr'><strong><em>δὲ</em></strong></span> <span class='ocrx_word' id='word_1_50' title='bbox 1258 664 1392 721; x_wconf 82' lang='grc' dir='ltr'><em>τύχην</em></span> <span class='ocrx_word' id='word_1_51' title='bbox 1422 664 1699 720; x_wconf 83' lang='grc' dir='ltr'><strong><em>αἰχμάλωτον</em></strong></span> <span class='ocrx_word' id='word_1_52' title='bbox 1728 663 1800 708; x_wconf 81' lang='grc' dir='ltr'><em>οἷν-</em></span> 
     </span>
     <span class='ocr_line' id='line_1_8' title="bbox 417 718 1803 792; baseline 0.001 -30"><span class='ocrx_word' id='word_1_53' title='bbox 417 718 522 773; x_wconf 83' lang='grc' dir='ltr'><strong><em>δρὸς</em></strong></span> <span class='ocrx_word' id='word_1_54' title='bbox 551 721 761 791; x_wconf 79' lang='grc' dir='ltr'><strong><em>βασιλέως</em></strong></span> <span class='ocrx_word' id='word_1_55' title='bbox 789 721 1021 776; x_wconf 67' lang='grc' dir='ltr'><strong><em>γεγονότος</em></strong></span> <span class='ocrx_word' id='word_1_56' title='bbox 1050 721 1186 777; x_wconf 74' lang='grc' dir='ltr'><strong><em>μηδὲν</em></strong></span> <span class='ocrx_word' id='word_1_57' title='bbox 1210 721 1531 792; x_wconf 77' lang='grc' dir='ltr'><strong><em>ἐξαμαρτάνειν</em></strong></span> <span class='ocrx_word' id='word_1_58' title='bbox 1561 721 1803 775; x_wconf 75' lang='grc' dir='ltr'><strong><em>ἄνθρωπον</em></strong></span> 
     </span>
     <span class='ocr_line' id='line_1_9' title="bbox 416 775 1803 848; baseline 0.001 -29"><span class='ocrx_word' id='word_1_59' title='bbox 416 775 546 819; x_wconf 82' lang='grc' dir='ltr'><strong><em>ὄντα·</em></strong></span> <span class='ocrx_word' id='word_1_60' title='bbox 578 776 721 848; x_wconf 78' lang='grc' dir='ltr'><strong><em>ἐφορᾶ·</em></strong></span> <span class='ocrx_word' id='word_1_61' title='bbox 749 778 834 847; x_wconf 74' lang='grc' dir='ltr'><strong><em>γὰρ</em></strong></span> <span class='ocrx_word' id='word_1_62' title='bbox 859 778 919 829; x_wconf 81' lang='grc' dir='ltr'><strong><em>ὠς</em></strong></span> <span class='ocrx_word' id='word_1_63' title='bbox 949 779 1063 821; x_wconf 79' lang='grc' dir='ltr'><strong><em>ἔοικε</em></strong></span> <span class='ocrx_word' id='word_1_64' title='bbox 1088 779 1166 821; x_wconf 84' lang='grc' dir='ltr'><strong><em>τὸν</em></strong></span> <span class='ocrx_word' id='word_1_65' title='bbox 1196 776 1485 834; x_wconf 74' lang='grc' dir='ltr'><strong><em>ἀνθρώπινον</em></strong></span> <span class='ocrx_word' id='word_1_66' title='bbox 1506 779 1607 835; x_wconf 88' lang='grc' dir='ltr'><strong><em>βίον</em></strong></span> <span class='ocrx_word' id='word_1_67' title='bbox 1635 778 1803 832; x_wconf 79' lang='grc' dir='ltr'><strong><em>νέμεσίς</em></strong></span> 
     </span>
     <span class='ocr_line' id='line_1_10' title="bbox 415 824 1804 907; baseline 0.001 -31"><span class='ocrx_word' id='word_1_68' title='bbox 415 850 482 883; x_wconf 87' lang='grc' dir='ltr'><strong><em>τις</em></strong></span> <span class='ocrx_word' id='word_1_69' title='bbox 510 838 649 885; x_wconf 84' lang='grc' dir='ltr'><strong><em>θεοῦ,</em></strong></span> <span class='ocrx_word' id='word_1_70' title='bbox 679 824 708 890; x_wconf 79' lang='grc' dir='ltr'><strong><em>η</em></strong></span> <span class='ocrx_word' id='word_1_71' title='bbox 735 851 842 885; x_wconf 83' lang='grc' dir='ltr'><strong><em>τους</em></strong></span> <span class='ocrx_word' id='word_1_72' title='bbox 869 834 980 890; x_wconf 77' lang='grc' dir='ltr'><strong><em>υπὲρ</em></strong></span> <span class='ocrx_word' id='word_1_73' title='bbox 1013 834 1256 890; x_wconf 78' lang='grc' dir='ltr'><strong><em>ἄνθρωπον</em></strong></span> <span class='ocrx_word' id='word_1_74' title='bbox 1286 839 1564 907; x_wconf 78' lang='grc' dir='ltr'><strong><em>φρονοῦντας</em></strong></span> <span class='ocrx_word' id='word_1_75' title='bbox 1592 834 1700 891; x_wconf 80' lang='grc' dir='ltr'><strong><em>ταχὺ</em></strong></span> <span class='ocrx_word' id='word_1_76' title='bbox 1728 839 1804 890; x_wconf 84' lang='grc' dir='ltr'><strong><em>τῆς</em></strong></span> 
     </span>
     <span class='ocr_line' id='line_1_11' title="bbox 362 889 1804 961; baseline 0.001 -28"><span class='ocrx_word' id='word_1_77' title='bbox 362 890 531 942; x_wconf 68' lang='grc' dir='ltr'><strong><em>ῙΟἷδίας</em></strong></span> <span class='ocrx_word' id='word_1_78' title='bbox 552 889 765 961; x_wconf 78' lang='grc' dir='ltr'><strong><em>ἀσεβείας</em></strong></span> <span class='ocrx_word' id='word_1_79' title='bbox 792 890 1128 948; x_wconf 78' lang='grc' dir='ltr'><strong><em>ὑπομιμνήσκει.</em></strong></span> <span class='ocrx_word' id='word_1_80' title='bbox 1167 893 1236 937; x_wconf 86' lang='grc' dir='ltr'><strong><em>διὸ</em></strong></span> <span class='ocrx_word' id='word_1_81' title='bbox 1267 893 1341 935; x_wconf 82' lang='grc' dir='ltr'><strong><em>καὶ</em></strong></span> <span class='ocrx_word' id='word_1_82' title='bbox 1369 891 1447 936; x_wconf 88' lang='grc' dir='ltr'><strong><em>τόν</em></strong></span> <span class='ocrx_word' id='word_1_83' title='bbox 1479 893 1711 937; x_wconf 79' lang='grc' dir='ltr'><strong><em>Σκιπίωνα</em></strong></span> <span class='ocrx_word' id='word_1_84' title='bbox 1739 894 1804 945; x_wconf 86' lang='grc' dir='ltr'><strong><em>τίς</em></strong></span> 
     </span>
     <span class='ocr_line' id='line_1_12' title="bbox 417 944 1803 1019; baseline 0.001 -29"><span class='ocrx_word' id='word_1_85' title='bbox 417 944 501 990; x_wconf 81' lang='grc' dir='ltr'><strong><em>οὐκ</em></strong></span> <span class='ocrx_word' id='word_1_86' title='bbox 532 945 587 990; x_wconf 77' lang='grc' dir='ltr'><strong><em>ἂν</em></strong></span> <span class='ocrx_word' id='word_1_87' title='bbox 618 947 854 992; x_wconf 79' lang='grc' dir='ltr'><strong><em>ἐπαινέσειε</em></strong></span> <span class='ocrx_word' id='word_1_88' title='bbox 872 954 1067 1019; x_wconf 81' lang='grc' dir='ltr'><strong><em>θεωρων</em></strong></span> <span class='ocrx_word' id='word_1_89' title='bbox 1087 948 1197 1003; x_wconf 80' lang='grc' dir='ltr'><strong><em>πρὸς</em></strong></span> <span class='ocrx_word' id='word_1_90' title='bbox 1226 948 1305 992; x_wconf 80' lang='grc' dir='ltr'><strong><em>τόν</em></strong></span> <span class='ocrx_word' id='word_1_91' title='bbox 1326 949 1438 993; x_wconf 81' lang='grc' dir='ltr'><strong><em>κατὰ</em></strong></span> <span class='ocrx_word' id='word_1_92' title='bbox 1466 953 1556 992; x_wconf 77' lang='grc' dir='ltr'><strong><em>τῶν</em></strong></span> <span class='ocrx_word' id='word_1_93' title='bbox 1580 950 1803 1018; x_wconf 88' lang='grc' dir='ltr'><strong><em>πολεμίων</em></strong></span> 
     </span>
     <span class='ocr_line' id='line_1_13' title="bbox 415 1003 1803 1077; baseline 0.001 -31"><span class='ocrx_word' id='word_1_94' title='bbox 415 1003 563 1074; x_wconf 79' lang='grc' dir='ltr'><strong><em>φόβον</em></strong></span> <span class='ocrx_word' id='word_1_95' title='bbox 589 1005 939 1074; x_wconf 83' lang='grc' dir='ltr'><strong><em>καταπληκτικὸν</em></strong></span> <span class='ocrx_word' id='word_1_96' title='bbox 963 1004 1221 1077; x_wconf 73' lang='grc' dir='ltr'><strong><em>γενόμενον,</em></strong></span> <span class='ocrx_word' id='word_1_97' title='bbox 1253 1004 1341 1049; x_wconf 86' lang='grc' dir='ltr'><strong><em>υπὸ</em></strong></span> <span class='ocrx_word' id='word_1_98' title='bbox 1374 1006 1420 1049; x_wconf 78' lang='grc' dir='ltr'><strong><em>δὲ</em></strong></span> <span class='ocrx_word' id='word_1_99' title='bbox 1449 1009 1531 1049; x_wconf 80' lang='grc' dir='ltr'><strong><em>τοῦ</em></strong></span> <span class='ocrx_word' id='word_1_100' title='bbox 1554 1005 1667 1059; x_wconf 85' lang='grc' dir='ltr'><strong><em>πρὸς</em></strong></span> <span class='ocrx_word' id='word_1_101' title='bbox 1696 1004 1803 1056; x_wconf 85' lang='grc' dir='ltr'><strong><em>τούς</em></strong></span> 
     </span>
     <span class='ocr_line' id='line_1_14' title="bbox 414 1059 1801 1134; baseline 0.002 -31"><span class='ocrx_word' id='word_1_102' title='bbox 414 1059 685 1130; x_wconf 74' lang='grc' dir='ltr'><strong><em>ἠτυχηκότας</em></strong></span> <span class='ocrx_word' id='word_1_103' title='bbox 723 1061 871 1113; x_wconf 85' lang='grc' dir='ltr'><strong><em>ελὲους</em></strong></span> <span class='ocrx_word' id='word_1_104' title='bbox 895 1079 980 1132; x_wconf 92' lang='grc' dir='ltr'><strong><em>την</em></strong></span> <span class='ocrx_word' id='word_1_105' title='bbox 1008 1062 1154 1134; x_wconf 79' lang='grc' dir='ltr'><strong><em>ψυχὴν</em></strong></span> <span class='ocrx_word' id='word_1_106' title='bbox 1181 1061 1452 1119; x_wconf 72' lang='grc' dir='ltr'><strong><em>ἦττώμενονς</em></strong></span> <span class='ocrx_word' id='word_1_107' title='bbox 1495 1080 1555 1114; x_wconf 86' lang='grc' dir='ltr'><strong><em>ως</em></strong></span> <span class='ocrx_word' id='word_1_108' title='bbox 1584 1063 1652 1106; x_wconf 88' lang='grc' dir='ltr'><strong><em>επὶ</em></strong></span> <span class='ocrx_word' id='word_1_109' title='bbox 1685 1061 1801 1107; x_wconf 88' lang='grc' dir='ltr'><strong><em>πολυ</em></strong></span> 
     </span>
     <span class='ocr_line' id='line_1_15' title="bbox 414 1116 1804 1191; baseline 0.001 -31"><span class='ocrx_word' id='word_1_110' title='bbox 414 1116 500 1186; x_wconf 70' lang='grc' dir='ltr'><strong><em>γὰρ</em></strong></span> <span class='ocrx_word' id='word_1_111' title='bbox 524 1117 733 1161; x_wconf 81' lang='grc' dir='ltr'><strong><em>εἰώθασιν</em></strong></span> <span class='ocrx_word' id='word_1_112' title='bbox 756 1136 799 1162; x_wconf 94' lang='grc' dir='ltr'><strong><em>οι</em></strong></span> <span class='ocrx_word' id='word_1_113' title='bbox 822 1119 933 1174; x_wconf 80' lang='grc' dir='ltr'><strong><em>πρὸς</em></strong></span> <span class='ocrx_word' id='word_1_114' title='bbox 951 1119 1056 1171; x_wconf 81' lang='grc' dir='ltr'><strong><em>τούς</em></strong></span> <span class='ocrx_word' id='word_1_115' title='bbox 1076 1118 1465 1189; x_wconf 74' lang='grc' dir='ltr'><strong><em>ἀντιταττομένους</em></strong></span> <span class='ocrx_word' id='word_1_116' title='bbox 1486 1120 1676 1191; x_wconf 83' lang='grc' dir='ltr'><strong><em>φοβεροι</em></strong></span> <span class='ocrx_word' id='word_1_117' title='bbox 1692 1119 1804 1174; x_wconf 85' lang='grc' dir='ltr'><strong><em>πρὸς</em></strong></span> 
     </span>
     <span class='ocr_line' id='line_1_16' title="bbox 359 1173 1803 1249; baseline 0.003 -33"><span class='ocrx_word' id='word_1_118' title='bbox 359 1173 521 1226; x_wconf 79' lang='grc' dir='ltr'><strong><em>15τους</em></strong></span> <span class='ocrx_word' id='word_1_119' title='bbox 548 1173 852 1226; x_wconf 87' lang='grc' dir='ltr'><strong><em>υποπεσόντας</em></strong></span> <span class='ocrx_word' id='word_1_120' title='bbox 882 1175 1093 1249; x_wconf 79' lang='grc' dir='ltr'><strong><em>ὑπάρχειν</em></strong></span> <span class='ocrx_word' id='word_1_121' title='bbox 1132 1175 1326 1248; x_wconf 85' lang='grc' dir='ltr'><strong><em>μέτριοι.</em></strong></span> <span class='ocrx_word' id='word_1_122' title='bbox 1357 1175 1427 1221; x_wconf 77' lang='grc' dir='ltr'><strong><em>διδ</em></strong></span> <span class='ocrx_word' id='word_1_123' title='bbox 1468 1176 1542 1219; x_wconf 88' lang='grc' dir='ltr'><strong><em>καὶ</em></strong></span> <span class='ocrx_word' id='word_1_124' title='bbox 1572 1175 1680 1231; x_wconf 78' lang='grc' dir='ltr'><strong><em>ταχύ</em></strong></span> <span class='ocrx_word' id='word_1_125' title='bbox 1720 1180 1803 1220; x_wconf 82' lang='grc' dir='ltr'><strong><em>τοῦ</em></strong></span> 
     </span>
     <span class='ocr_line' id='line_1_17' title="bbox 415 1229 1801 1303; baseline 0.001 -29"><span class='ocrx_word' id='word_1_126' title='bbox 415 1229 633 1303; x_wconf 85' lang='grc' dir='ltr'><strong><em>Σύφακος</em></strong></span> <span class='ocrx_word' id='word_1_127' title='bbox 664 1231 687 1276; x_wconf 90' lang='grc' dir='ltr'><em>ὁ</em></span> <span class='ocrx_word' id='word_1_128' title='bbox 711 1235 914 1277; x_wconf 81' lang='grc' dir='ltr'><strong><em>Σκιπίων</em></strong></span> <span class='ocrx_word' id='word_1_129' title='bbox 943 1238 1021 1290; x_wconf 77' lang='grc' dir='ltr'><strong><em>τῆς</em></strong></span> <span class='ocrx_word' id='word_1_130' title='bbox 1049 1235 1110 1284; x_wconf 82' lang='grc' dir='ltr'><strong><em>εἰς</em></strong></span> <span class='ocrx_word' id='word_1_131' title='bbox 1139 1233 1280 1277; x_wconf 81' lang='grc' dir='ltr'><strong><em>αὐτὸν</em></strong></span> <span class='ocrx_word' id='word_1_132' title='bbox 1310 1233 1539 1284; x_wconf 84' lang='grc' dir='ltr'><strong><em>επιεικείας</em></strong></span> <span class='ocrx_word' id='word_1_133' title='bbox 1568 1232 1801 1289; x_wconf 79' lang='grc' dir='ltr'><strong><em>ἐκομίσατο</em></strong></span> 
     </span>
     <span class='ocr_line' id='line_1_18' title="bbox 411 1286 551 1361; baseline -0.023 -27"><span class='ocrx_word' id='word_1_134' title='bbox 411 1286 551 1361; x_wconf 75' lang='grc' dir='ltr'><strong><em>χάριν.</em></strong></span> 
     </span>
     <span class='ocr_line' id='line_1_19' title="bbox 515 1344 1805 1416; baseline 0.001 -28.018"><span class='ocrx_word' id='word_1_135' title='bbox 515 1344 615 1388; x_wconf 93' lang='grc' dir='ltr'><strong><em>Ότι</em></strong></span> <span class='ocrx_word' id='word_1_136' title='bbox 634 1346 677 1388; x_wconf 94' lang='grc' dir='ltr'><strong><em>οι</em></strong></span> <span class='ocrx_word' id='word_1_137' title='bbox 697 1345 997 1401; x_wconf 86' lang='grc' dir='ltr'><strong><em>Καρχηδόνιοι</em></strong></span> <span class='ocrx_word' id='word_1_138' title='bbox 1014 1347 1231 1397; x_wconf 81' lang='grc' dir='ltr'><strong><em>σιτοδείας</em></strong></span> <span class='ocrx_word' id='word_1_139' title='bbox 1249 1344 1518 1416; x_wconf 82' lang='grc' dir='ltr'><strong><em>εμπεσούσης</em></strong></span> <span class='ocrx_word' id='word_1_140' title='bbox 1539 1346 1583 1389; x_wconf 81' lang='grc' dir='ltr'><strong><em>οἱ</em></strong></span> <span class='ocrx_word' id='word_1_141' title='bbox 1602 1345 1805 1401; x_wconf 77' lang='grc' dir='ltr'><strong><em>καχέκται</em></strong></span> 
     </span>
     <span class='ocr_line' id='line_1_20' title="bbox 411 1401 1803 1474; baseline 0 -28"><span class='ocrx_word' id='word_1_142' title='bbox 411 1405 503 1446; x_wconf 74' lang='grc' dir='ltr'><strong><em>τῶν</em></strong></span> <span class='ocrx_word' id='word_1_143' title='bbox 538 1406 730 1449; x_wconf 76' lang='grc' dir='ltr'><strong><em>πολιτῶν</em></strong></span> <span class='ocrx_word' id='word_1_144' title='bbox 759 1403 1053 1458; x_wconf 81' lang='grc' dir='ltr'><strong><em>επιθυμοῦντε</em></strong></span> <span class='ocrx_word' id='word_1_145' title='bbox 1059 1419 1080 1453; x_wconf 82' lang='grc' dir='ltr'><strong><em>ς</em></strong></span> <span class='ocrx_word' id='word_1_146' title='bbox 1108 1407 1240 1446; x_wconf 83' lang='grc' dir='ltr'><strong><em>λῦσαι</em></strong></span> <span class='ocrx_word' id='word_1_147' title='bbox 1277 1401 1358 1459; x_wconf 81' lang='grc' dir='ltr'><strong><em>τὴν</em></strong></span> <span class='ocrx_word' id='word_1_148' title='bbox 1388 1402 1566 1474; x_wconf 81' lang='grc' dir='ltr'><em>εἰρήνην</em></span> <span class='ocrx_word' id='word_1_149' title='bbox 1597 1403 1803 1472; x_wconf 87' lang='grc' dir='ltr'><strong><em>προετρέ-</em></strong></span> 
     </span>
     <span class='ocr_line' id='line_1_21' title="bbox 359 1458 1803 1515; baseline 0.001 -13"><span class='ocrx_word' id='word_1_150' title='bbox 359 1466 559 1512; x_wconf 65' lang='grc' dir='ltr'><strong><em>Ξοψαντο</em></strong></span> <span class='ocrx_word' id='word_1_151' title='bbox 594 1458 674 1502; x_wconf 82' lang='grc' dir='ltr'><strong><em>τόν</em></strong></span> <span class='ocrx_word' id='word_1_152' title='bbox 718 1461 859 1515; x_wconf 85' lang='grc' dir='ltr'><strong><em>δῆμον</em></strong></span> <span class='ocrx_word' id='word_1_153' title='bbox 899 1460 1156 1503; x_wconf 78' lang='grc' dir='ltr'><strong><em>ἐπιπλεῦσαι</em></strong></span> <span class='ocrx_word' id='word_1_154' title='bbox 1183 1464 1279 1510; x_wconf 86' lang='grc' dir='ltr'><strong><em>ταῖς</em></strong></span> <span class='ocrx_word' id='word_1_155' title='bbox 1307 1460 1438 1504; x_wconf 90' lang='grc' dir='ltr'><strong><em>ναυσὶ</em></strong></span> <span class='ocrx_word' id='word_1_156' title='bbox 1465 1460 1540 1502; x_wconf 83' lang='grc' dir='ltr'><strong><em>καὶ</em></strong></span> <span class='ocrx_word' id='word_1_157' title='bbox 1569 1459 1648 1502; x_wconf 83' lang='grc' dir='ltr'><strong><em>τόν</em></strong></span> <span class='ocrx_word' id='word_1_158' title='bbox 1678 1465 1803 1503; x_wconf 88' lang='grc' dir='ltr'><strong><em>σῖτον</em></strong></span> 
     </span>
     <span class='ocr_line' id='line_1_22' title="bbox 416 1515 1806 1586; baseline 0 -27"><span class='ocrx_word' id='word_1_159' title='bbox 416 1518 479 1567; x_wconf 83' lang='grc' dir='ltr'><strong><em>εἰς</em></strong></span> <span class='ocrx_word' id='word_1_160' title='bbox 507 1517 659 1586; x_wconf 77' lang='grc' dir='ltr'><strong><em>λιμένα</em></strong></span> <span class='ocrx_word' id='word_1_161' title='bbox 698 1517 890 1586; x_wconf 84' lang='grc' dir='ltr'><strong><em>κομίσαι.</em></strong></span> <span class='ocrx_word' id='word_1_162' title='bbox 928 1533 1005 1571; x_wconf 83' lang='grc' dir='ltr'><strong><em>της</em></strong></span> <span class='ocrx_word' id='word_1_163' title='bbox 1045 1516 1091 1560; x_wconf 83' lang='grc' dir='ltr'><strong><em>δὲ</em></strong></span> <span class='ocrx_word' id='word_1_164' title='bbox 1126 1517 1362 1586; x_wconf 72' lang='grc' dir='ltr'><strong><em>γερουσίας</em></strong></span> <span class='ocrx_word' id='word_1_165' title='bbox 1395 1517 1476 1559; x_wconf 83' lang='grc' dir='ltr'><strong><em>οὐκ</em></strong></span> <span class='ocrx_word' id='word_1_166' title='bbox 1507 1515 1643 1572; x_wconf 77' lang='grc' dir='ltr'><strong><em>ἐώσης</em></strong></span> <span class='ocrx_word' id='word_1_167' title='bbox 1676 1520 1806 1562; x_wconf 84' lang='grc' dir='ltr'><strong><em>λῦσαι,</em></strong></span> 
     </span>
     <span class='ocr_line' id='line_1_23' title="bbox 412 1571 1806 1645; baseline 0 -29"><span class='ocrx_word' id='word_1_168' title='bbox 412 1572 491 1623; x_wconf 77' lang='grc' dir='ltr'><strong><em>τάς</em></strong></span> <span class='ocrx_word' id='word_1_169' title='bbox 510 1572 735 1645; x_wconf 75' lang='grc' dir='ltr'><strong><em>συνθήκας</em></strong></span> <span class='ocrx_word' id='word_1_170' title='bbox 757 1571 904 1624; x_wconf 79' lang='grc' dir='ltr'><strong><em>οὐδεὶς</em></strong></span> <span class='ocrx_word' id='word_1_171' title='bbox 927 1572 1164 1630; x_wconf 79' lang='grc' dir='ltr'><strong><em>ἐπήκουσε</em></strong></span> <span class='ocrx_word' id='word_1_172' title='bbox 1196 1572 1277 1629; x_wconf 81' lang='grc' dir='ltr'><strong><em>τὴν</em></strong></span> <span class='ocrx_word' id='word_1_173' title='bbox 1295 1572 1382 1630; x_wconf 75' lang='grc' dir='ltr'><strong><em>γάρ</em></strong></span> <span class='ocrx_word' id='word_1_174' title='bbox 1405 1575 1581 1618; x_wconf 81' lang='grc' dir='ltr'><strong><em>κοιλίαν</em></strong></span> <span class='ocrx_word' id='word_1_175' title='bbox 1610 1573 1806 1629; x_wconf 82' lang='grc' dir='ltr'><strong><em>ε’φασκον</em></strong></span> 
     </span>
     <span class='ocr_line' id='line_1_24' title="bbox 414 1628 771 1687; baseline -0.003 -13"><span class='ocrx_word' id='word_1_176' title='bbox 414 1628 498 1674; x_wconf 80' lang='grc' dir='ltr'><strong><em>οὐκ</em></strong></span> <span class='ocrx_word' id='word_1_177' title='bbox 528 1630 639 1687; x_wconf 87' lang='grc' dir='ltr'><strong><em>ε’χειν</em></strong></span> <span class='ocrx_word' id='word_1_178' title='bbox 669 1631 771 1673; x_wconf 76' lang='grc' dir='ltr'><strong><em>ὦτα.</em></strong></span> 
     </span>
    </p>
   </div>
   <div class='ocr_carea' id='block_1_4' title="bbox 459 1728 1806 2010">
    <p class='ocr_par' dir='ltr' id='par_1_4' title="bbox 550 1728 1247 1788">
     <span class='ocr_line' id='line_1_25' title="bbox 550 1728 1247 1788; baseline 0 -20"><span class='ocrx_word' id='word_1_179' title='bbox 550 1734 609 1768; x_wconf 82' lang='grc'>70.</span> <span class='ocrx_word' id='word_1_180' title='bbox 632 1734 666 1768; x_wconf 88' lang='grc'><strong><em>3.</em></strong></span> <span class='ocrx_word' id='word_1_181' title='bbox 704 1728 778 1788; x_wconf 88' lang='grc' dir='ltr'><strong><em>οτι]</em></strong></span> <span class='ocrx_word' id='word_1_182' title='bbox 805 1733 945 1787; x_wconf 79' lang='lat' dir='ltr'>incipit</span> <span class='ocrx_word' id='word_1_183' title='bbox 956 1734 1086 1768; x_wconf 82' lang='lat' dir='ltr'><strong>codicis</strong></span> <span class='ocrx_word' id='word_1_184' title='bbox 1111 1746 1146 1779; x_wconf 92' lang='lat' dir='ltr'><strong><em>p.</em></strong></span> <span class='ocrx_word' id='word_1_185' title='bbox 1167 1730 1247 1768; x_wconf 75' lang='grc'>124.</span> 
     </span>
    </p>

    <p class='ocr_par' dir='ltr' id='par_1_5' title="bbox 459 1776 1791 1963">
     <span class='ocr_line' id='line_1_26' title="bbox 550 1776 1177 1835; baseline -0.003 -21"><span class='ocrx_word' id='word_1_186' title='bbox 550 1777 598 1814; x_wconf 85' lang='grc'><strong><em>70</em></strong></span> <span class='ocrx_word' id='word_1_187' title='bbox 634 1780 668 1814; x_wconf 86' lang='grc'><strong><em>5.</em></strong></span> <span class='ocrx_word' id='word_1_188' title='bbox 705 1776 822 1835; x_wconf 76' lang='grc' dir='ltr'><strong><em>αὐτῷ]</em></strong></span> <span class='ocrx_word' id='word_1_189' title='bbox 850 1777 970 1814; x_wconf 83' lang='grc' dir='ltr'><strong><em>αυτόν</em></strong></span> <span class='ocrx_word' id='word_1_190' title='bbox 995 1782 1050 1813; x_wconf 84' lang='lat' dir='ltr'><strong>ed.</strong></span> <span class='ocrx_word' id='word_1_191' title='bbox 1075 1782 1177 1813; x_wconf 88' lang='lat' dir='ltr'><strong><em>Rom.</em></strong></span> 
     </span>
     <span class='ocr_line' id='line_1_27' title="bbox 459 1814 1806 1885; baseline 0 -24"><span class='ocrx_word' id='word_1_192' title='bbox 459 1872 482 1885; x_wconf 38' lang='lat' dir='ltr'><em>a</em></span> <span class='ocrx_word' id='word_1_193' title='bbox 552 1827 691 1862; x_wconf 81' lang='grc' dir='ltr'>7ο.1ο.</span> <span class='ocrx_word' id='word_1_194' title='bbox 724 1814 905 1872; x_wconf 76' lang='grc' dir='ltr'><strong><em>ἀσεβείας]</em></strong></span> <span class='ocrx_word' id='word_1_195' title='bbox 943 1828 1061 1861; x_wconf 83' lang='lat' dir='ltr'><strong>malim</strong></span> <span class='ocrx_word' id='word_1_196' title='bbox 1093 1822 1309 1866; x_wconf 75' lang='grc' dir='ltr'><strong><em>άσθενείαςε</em></strong></span> <span class='ocrx_word' id='word_1_197' title='bbox 1352 1826 1446 1859; x_wconf 82' lang='lat' dir='ltr'><strong>conf.</strong></span> <span class='ocrx_word' id='word_1_198' title='bbox 1489 1825 1593 1860; x_wconf 86' lang='lat' dir='ltr'><strong>Diod.</strong></span> <span class='ocrx_word' id='word_1_199' title='bbox 1624 1827 1723 1865; x_wconf 87' lang='grc' dir='ltr'><strong><em>ΧΙΙΙ.</em></strong></span> <span class='ocrx_word' id='word_1_200' title='bbox 1768 1837 1806 1872; x_wconf 84' lang='lat' dir='ltr'><strong>p·</strong></span> 
     </span>
     <span class='ocr_line' id='line_1_28' title="bbox 464 1870 1601 1968; baseline -0.001 -13.984"><span class='ocrx_word' id='word_1_201' title='bbox 464 1875 540 1908; x_wconf 85' lang='lat'><strong><em>100</em></strong></span> <span class='ocrx_word' id='word_1_202' title='bbox 552 1870 625 1954; x_wconf 60' lang='grc' dir='ltr'><strong><em>75οῗ</em></strong></span> <span class='ocrx_word' id='word_1_203' title='bbox 638 1919 692 1954; x_wconf 87' lang='grc'><strong><em>18-</em></strong></span> <span class='ocrx_word' id='word_1_204' title='bbox 727 1917 766 1954; x_wconf 82' lang='grc' dir='ltr'><strong><em>οὶ</em></strong></span> <span class='ocrx_word' id='word_1_205' title='bbox 790 1914 1055 1963; x_wconf 81' lang='grc' dir='ltr'><strong><em>Καρχηδόνιοι]</em></strong></span> <span class='ocrx_word' id='word_1_206' title='bbox 1081 1918 1188 1952; x_wconf 87' lang='lat' dir='ltr'><strong>immo</strong></span> <span class='ocrx_word' id='word_1_207' title='bbox 1212 1919 1292 1958; x_wconf 80' lang='grc' dir='ltr'><strong><em>τοῖς</em></strong></span> <span class='ocrx_word' id='word_1_208' title='bbox 1315 1917 1601 1968; x_wconf 82' lang='grc' dir='ltr'><strong><em>Καρχηδονίοις.</em></strong></span> 
     </span>
    </p>

    <p class='ocr_par' dir='ltr' id='par_1_6' title="bbox 553 1963 1318 2010">
     <span class='ocr_line' id='line_1_29' title="bbox 553 1963 1318 2010; baseline -0.001 -10"><span class='ocrx_word' id='word_1_209' title='bbox 553 1965 694 2001; x_wconf 88' lang='grc' dir='ltr'>7Ο.18.</span> <span class='ocrx_word' id='word_1_210' title='bbox 727 1964 914 2010; x_wconf 76' lang='grc' dir='ltr'><strong><em>καχεέκται]</em></strong></span> <span class='ocrx_word' id='word_1_211' title='bbox 938 1963 1110 2010; x_wconf 77' lang='grc' dir='ltr'><strong><em>καχεκταὶ</em></strong></span> <span class='ocrx_word' id='word_1_212' title='bbox 1134 1966 1189 2001; x_wconf 86' lang='lat' dir='ltr'><strong>ed.</strong></span> <span class='ocrx_word' id='word_1_213' title='bbox 1214 1967 1318 1999; x_wconf 87' lang='lat' dir='ltr'><strong><em>Rom.</em></strong></span> 
     </span>
    </p>
   </div>
   <div class='ocr_carea' id='block_1_5' title="bbox 414 2053 1808 2893">
    <p class='ocr_par' dir='ltr' id='par_1_7' title="bbox 414 2053 1808 2238">
     <span class='ocr_line' id='line_1_30' title="bbox 414 2053 1808 2101; baseline -0.001 -12"><span class='ocrx_word' id='word_1_214' title='bbox 414 2054 567 2099; x_wconf 81' lang='lat' dir='ltr'><strong>capitale</strong></span> <span class='ocrx_word' id='word_1_215' title='bbox 588 2058 628 2089; x_wconf 84' lang='lat' dir='ltr'><strong><em>ut</em></strong></span> <span class='ocrx_word' id='word_1_216' title='bbox 653 2059 752 2090; x_wconf 81' lang='lat' dir='ltr'><strong>esset.</strong></span> <span class='ocrx_word' id='word_1_217' title='bbox 799 2057 899 2090; x_wconf 82' lang='lat' dir='ltr'><strong>Haec</strong></span> <span class='ocrx_word' id='word_1_218' title='bbox 929 2056 964 2090; x_wconf 89' lang='lat' dir='ltr'><strong>in</strong></span> <span class='ocrx_word' id='word_1_219' title='bbox 987 2055 1090 2090; x_wconf 75' lang='lat' dir='ltr'><strong>editis</strong></span> <span class='ocrx_word' id='word_1_220' title='bbox 1122 2055 1254 2101; x_wconf 74' lang='lat' dir='ltr'><strong>eulogie</strong></span> <span class='ocrx_word' id='word_1_221' title='bbox 1276 2067 1311 2099; x_wconf 86' lang='lat' dir='ltr'><strong><em>p.</em></strong></span> <span class='ocrx_word' id='word_1_222' title='bbox 1334 2053 1415 2091; x_wconf 81' lang='grc'>570.</span> <span class='ocrx_word' id='word_1_223' title='bbox 1439 2057 1648 2096; x_wconf 83' lang='lat' dir='ltr'><strong>narrantur,</strong></span> <span class='ocrx_word' id='word_1_224' title='bbox 1681 2053 1808 2098; x_wconf 78' lang='lat' dir='ltr'><strong>quibus</strong></span> 
     </span>
     <span class='ocr_line' id='line_1_31' title="bbox 416 2099 1806 2149; baseline -0.004 -12"><span class='ocrx_word' id='word_1_225' title='bbox 416 2112 508 2137; x_wconf 77' lang='lat' dir='ltr'><strong>nunc</strong></span> <span class='ocrx_word' id='word_1_226' title='bbox 530 2102 666 2136; x_wconf 83' lang='lat' dir='ltr'><strong>accedit</strong></span> <span class='ocrx_word' id='word_1_227' title='bbox 691 2101 798 2136; x_wconf 79' lang='lat' dir='ltr'><strong>vatic.</strong></span> <span class='ocrx_word' id='word_1_228' title='bbox 823 2103 1077 2147; x_wconf 81' lang='lat' dir='ltr'><strong>fragmentum.</strong></span> <span class='ocrx_word' id='word_1_229' title='bbox 1125 2103 1155 2136; x_wconf 87' lang='lat' dir='ltr'><strong>A</strong></span> <span class='ocrx_word' id='word_1_230' title='bbox 1180 2103 1319 2149; x_wconf 80' lang='lat' dir='ltr'><strong>Pyrrho</strong></span> <span class='ocrx_word' id='word_1_231' title='bbox 1345 2113 1483 2145; x_wconf 86' lang='lat' dir='ltr'><strong>quoquc</strong></span> <span class='ocrx_word' id='word_1_232' title='bbox 1505 2101 1662 2134; x_wconf 79' lang='lat' dir='ltr'><strong>eiusdem</strong></span> <span class='ocrx_word' id='word_1_233' title='bbox 1684 2099 1806 2142; x_wconf 85' lang='lat' dir='ltr'><strong>templi</strong></span> 
     </span>
     <span class='ocr_line' id='line_1_32' title="bbox 415 2145 1805 2191; baseline -0.001 -10"><span class='ocrx_word' id='word_1_234' title='bbox 415 2152 592 2191; x_wconf 78' lang='lat' dir='ltr'><strong>patratam</strong></span> <span class='ocrx_word' id='word_1_235' title='bbox 615 2148 865 2191; x_wconf 80' lang='lat' dir='ltr'><strong>direptionem,</strong></span> <span class='ocrx_word' id='word_1_236' title='bbox 890 2155 964 2184; x_wconf 84' lang='lat' dir='ltr'><strong><em>tum</em></strong></span> <span class='ocrx_word' id='word_1_237' title='bbox 987 2149 1182 2182; x_wconf 74' lang='lat' dir='ltr'><strong>ablatarum</strong></span> <span class='ocrx_word' id='word_1_238' title='bbox 1206 2160 1324 2182; x_wconf 83' lang='lat' dir='ltr'><strong>rerum</strong></span> <span class='ocrx_word' id='word_1_239' title='bbox 1346 2152 1424 2191; x_wconf 83' lang='lat' dir='ltr'><strong>post</strong></span> <span class='ocrx_word' id='word_1_240' title='bbox 1447 2158 1593 2189; x_wconf 85' lang='lat' dir='ltr'><strong>poenam</strong></span> <span class='ocrx_word' id='word_1_241' title='bbox 1612 2145 1805 2181; x_wconf 82' lang='lat' dir='ltr'><strong>restitutio-</strong></span> 
     </span>
     <span class='ocr_line' id='line_1_33' title="bbox 415 2193 1619 2238; baseline 0 -11"><span class='ocrx_word' id='word_1_242' title='bbox 415 2204 497 2230; x_wconf 78' lang='lat' dir='ltr'><strong><em>nem</em></strong></span> <span class='ocrx_word' id='word_1_243' title='bbox 521 2199 639 2228; x_wconf 82' lang='lat' dir='ltr'><strong>narrat</strong></span> <span class='ocrx_word' id='word_1_244' title='bbox 660 2194 805 2238; x_wconf 81' lang='lat' dir='ltr'>Dionys</span> <span class='ocrx_word' id='word_1_245' title='bbox 796 2206 849 2228; x_wconf 78' lang='lat' dir='ltr'><strong>ius</strong></span> <span class='ocrx_word' id='word_1_246' title='bbox 870 2194 976 2228; x_wconf 75' lang='lat' dir='ltr'><strong>hallo</strong></span> <span class='ocrx_word' id='word_1_247' title='bbox 1000 2195 1052 2227; x_wconf 87' lang='lat' dir='ltr'><strong>ed.</strong></span> <span class='ocrx_word' id='word_1_248' title='bbox 1079 2194 1224 2229; x_wconf 80' lang='lat' dir='ltr'><strong>Mediol</strong></span> <span class='ocrx_word' id='word_1_249' title='bbox 1248 2194 1344 2228; x_wconf 86' lang='lat' dir='ltr'><strong>XIX.</strong></span> <span class='ocrx_word' id='word_1_250' title='bbox 1367 2193 1400 2226; x_wconf 92' lang='lat'><strong>9.</strong></span> <span class='ocrx_word' id='word_1_251' title='bbox 1426 2193 1483 2226; x_wconf 91' lang='grc'><strong><em>10.</em></strong></span> <span class='ocrx_word' id='word_1_252' title='bbox 1521 2193 1619 2227; x_wconf 75' lang='lat' dir='ltr'><strong>MAI.</strong></span> 
     </span>
    </p>

    <p class='ocr_par' dir='ltr' id='par_1_8' title="bbox 417 2237 1808 2461">
     <span class='ocr_line' id='line_1_34' title="bbox 510 2237 1806 2279; baseline -0.002 -7"><span class='ocrx_word' id='word_1_253' title='bbox 510 2239 566 2273; x_wconf 90' lang='grc'>70.</span> <span class='ocrx_word' id='word_1_254' title='bbox 593 2239 626 2273; x_wconf 87' lang='lat'><strong><em>2.</em></strong></span> <span class='ocrx_word' id='word_1_255' title='bbox 669 2241 843 2273; x_wconf 79' lang='lat' dir='ltr'><strong>Diodorus</strong></span> <span class='ocrx_word' id='word_1_256' title='bbox 874 2239 1033 2273; x_wconf 80' lang='lat' dir='ltr'><strong>ethnicus</strong></span> <span class='ocrx_word' id='word_1_257' title='bbox 1065 2240 1172 2273; x_wconf 82' lang='lat' dir='ltr'><strong>sumit</strong></span> <span class='ocrx_word' id='word_1_258' title='bbox 1203 2241 1272 2273; x_wconf 85' lang='lat' dir='ltr'><strong><em>hoc</em></strong></span> <span class='ocrx_word' id='word_1_259' title='bbox 1296 2241 1444 2272; x_wconf 69' lang='lat' dir='ltr'><strong>fortasse</strong></span> <span class='ocrx_word' id='word_1_260' title='bbox 1467 2249 1488 2272; x_wconf 84' lang='lat' dir='ltr'>a</span> <span class='ocrx_word' id='word_1_261' title='bbox 1511 2239 1681 2279; x_wconf 80' lang='lat' dir='ltr'><strong><em>Platone,</em></strong></span> <span class='ocrx_word' id='word_1_262' title='bbox 1713 2237 1806 2271; x_wconf 78' lang='lat' dir='ltr'><strong>unde</strong></span> 
     </span>
     <span class='ocr_line' id='line_1_35' title="bbox 418 2263 1807 2330; baseline -0.001 -12"><span class='ocrx_word' id='word_1_263' title='bbox 418 2284 525 2319; x_wconf 80' lang='lat' dir='ltr'><strong>etiam</strong></span> <span class='ocrx_word' id='word_1_264' title='bbox 549 2285 718 2330; x_wconf 71' lang='lat' dir='ltr'><strong>Oiigenes</strong></span> <span class='ocrx_word' id='word_1_265' title='bbox 750 2287 842 2329; x_wconf 81' lang='lat' dir='ltr'><strong>apud</strong></span> <span class='ocrx_word' id='word_1_266' title='bbox 864 2286 1125 2330; x_wconf 83' lang='lat' dir='ltr'>Hieronymum</span> <span class='ocrx_word' id='word_1_267' title='bbox 1152 2291 1274 2320; x_wconf 80' lang='lat' dir='ltr'><strong>contra</strong></span> <span class='ocrx_word' id='word_1_268' title='bbox 1297 2284 1522 2326; x_wconf 81' lang='lat' dir='ltr'><strong>Ruf.1.18‚</strong></span> <span class='ocrx_word' id='word_1_269' title='bbox 1553 2284 1613 2328; x_wconf 90' lang='lat' dir='ltr'><strong>qui</strong></span> <span class='ocrx_word' id='word_1_270' title='bbox 1636 2263 1733 2317; x_wconf 59' lang='lat' dir='ltr'><strong>lo’cus</strong></span> <span class='ocrx_word' id='word_1_271' title='bbox 1753 2285 1807 2317; x_wconf 50' lang='lat' dir='ltr'><strong><em>lc*</em></strong></span> 
     </span>
     <span class='ocr_line' id='line_1_36' title="bbox 419 2310 1808 2376; baseline -0.001 -12"><span class='ocrx_word' id='word_1_272' title='bbox 419 2332 552 2376; x_wconf 80' lang='lat' dir='ltr'><strong>gendus</strong></span> <span class='ocrx_word' id='word_1_273' title='bbox 575 2336 637 2366; x_wconf 77' lang='lat' dir='ltr'><strong>est.</strong></span> <span class='ocrx_word' id='word_1_274' title='bbox 681 2333 726 2370; x_wconf 83' lang='lat' dir='ltr'><strong><em>Et</em></strong></span> <span class='ocrx_word' id='word_1_275' title='bbox 757 2332 898 2375; x_wconf 79' lang='lat' dir='ltr'><strong>quidem</strong></span> <span class='ocrx_word' id='word_1_276' title='bbox 929 2337 1012 2365; x_wconf 80' lang='lat' dir='ltr'><strong>nota</strong></span> <span class='ocrx_word' id='word_1_277' title='bbox 1035 2336 1086 2366; x_wconf 84' lang='lat' dir='ltr'><strong><em>est</em></strong></span> <span class='ocrx_word' id='word_1_278' title='bbox 1108 2332 1244 2375; x_wconf 84' lang='lat' dir='ltr'>aliquot</span> <span class='ocrx_word' id='word_1_279' title='bbox 1267 2331 1374 2366; x_wconf 82' lang='lat' dir='ltr'><strong>etiam</strong></span> <span class='ocrx_word' id='word_1_280' title='bbox 1406 2310 1572 2364; x_wconf 77' lang='lat' dir='ltr'><strong>eccles’iae</strong></span> <span class='ocrx_word' id='word_1_281' title='bbox 1596 2331 1808 2370; x_wconf 78' lang='lat' dir='ltr'>christianae</span> 
     </span>
     <span class='ocr_line' id='line_1_37' title="bbox 418 2377 1806 2421; baseline -0.001 -10"><span class='ocrx_word' id='word_1_282' title='bbox 418 2383 559 2421; x_wconf 69' lang='lat' dir='ltr'><strong>patrum</strong></span> <span class='ocrx_word' id='word_1_283' title='bbox 581 2389 684 2421; x_wconf 77' lang='lat' dir='ltr'><strong>super</strong></span> <span class='ocrx_word' id='word_1_284' title='bbox 706 2379 855 2413; x_wconf 84' lang='lat' dir='ltr'><strong>innocuo</strong></span> <span class='ocrx_word' id='word_1_285' title='bbox 877 2378 1060 2412; x_wconf 78' lang='lat' dir='ltr'><strong>mendacio</strong></span> <span class='ocrx_word' id='word_1_286' title='bbox 1083 2378 1339 2420; x_wconf 61' lang='lat' dir='ltr'><strong>controversia,</strong></span> <span class='ocrx_word' id='word_1_287' title='bbox 1364 2388 1455 2421; x_wconf 84' lang='lat' dir='ltr'><strong>quae</strong></span> <span class='ocrx_word' id='word_1_288' title='bbox 1478 2377 1618 2411; x_wconf 83' lang='lat' dir='ltr'><strong>demum</strong></span> <span class='ocrx_word' id='word_1_289' title='bbox 1641 2377 1722 2410; x_wconf 86' lang='lat' dir='ltr'><strong>loco</strong></span> <span class='ocrx_word' id='word_1_290' title='bbox 1745 2387 1806 2409; x_wconf 77' lang='lat' dir='ltr'><strong><em>ve-</em></strong></span> 
     </span>
     <span class='ocr_line' id='line_1_38' title="bbox 417 2423 778 2461; baseline 0 -4"><span class='ocrx_word' id='word_1_291' title='bbox 417 2423 514 2458; x_wconf 72' lang='lat' dir='ltr'><strong>rituti</strong></span> <span class='ocrx_word' id='word_1_292' title='bbox 537 2424 648 2461; x_wconf 78' lang='lat' dir='ltr'><strong>cessit.</strong></span> <span class='ocrx_word' id='word_1_293' title='bbox 680 2425 778 2458; x_wconf 80' lang='lat' dir='ltr'><strong>MAI.</strong></span> 
     </span>
    </p>

    <p class='ocr_par' dir='ltr' id='par_1_9' title="bbox 418 2464 1807 2606">
     <span class='ocr_line' id='line_1_39' title="bbox 511 2464 1806 2514; baseline -0.002 -11"><span class='ocrx_word' id='word_1_294' title='bbox 511 2469 567 2503; x_wconf 91' lang='grc'><strong><em>70.</em></strong></span> <span class='ocrx_word' id='word_1_295' title='bbox 592 2470 626 2504; x_wconf 80' lang='lat'><strong>3</strong></span> <span class='ocrx_word' id='word_1_296' title='bbox 667 2469 839 2514; x_wconf 83' lang='lat' dir='ltr'><strong>Syphacis</strong></span> <span class='ocrx_word' id='word_1_297' title='bbox 862 2469 1010 2504; x_wconf 76' lang='lat' dir='ltr'><strong>histor-ia</strong></span> <span class='ocrx_word' id='word_1_298' title='bbox 1039 2469 1267 2504; x_wconf 80' lang='lat' dir='ltr'><strong>subtexitur</strong></span> <span class='ocrx_word' id='word_1_299' title='bbox 1257 2482 1292 2504; x_wconf 85' lang='grc' dir='ltr'><strong><em>ιιι</em></strong></span> <span class='ocrx_word' id='word_1_300' title='bbox 1317 2468 1523 2514; x_wconf 67' lang='lat' dir='ltr'><strong>fcagmentis</strong></span> <span class='ocrx_word' id='word_1_301' title='bbox 1546 2467 1647 2502; x_wconf 78' lang='lat' dir='ltr'><strong>editis</strong></span> <span class='ocrx_word' id='word_1_302' title='bbox 1669 2479 1704 2511; x_wconf 89' lang='lat' dir='ltr'><strong>p</strong></span> <span class='ocrx_word' id='word_1_303' title='bbox 1724 2464 1806 2502; x_wconf 84' lang='grc'>571.</span> 
     </span>
     <span class='ocr_line' id='line_1_40' title="bbox 418 2515 1807 2561; baseline -0.004 -10"><span class='ocrx_word' id='word_1_304' title='bbox 418 2515 608 2552; x_wconf 82' lang='lat' dir='ltr'><strong>narrationi</strong></span> <span class='ocrx_word' id='word_1_305' title='bbox 632 2516 674 2549; x_wconf 88' lang='lat' dir='ltr'><strong><em>de</em></strong></span> <span class='ocrx_word' id='word_1_306' title='bbox 699 2515 880 2550; x_wconf 81' lang='lat' dir='ltr'><strong>Pleminio.</strong></span> <span class='ocrx_word' id='word_1_307' title='bbox 936 2516 1096 2551; x_wconf 78' lang='lat' dir='ltr'><strong>Eundem</strong></span> <span class='ocrx_word' id='word_1_308' title='bbox 1126 2517 1235 2561; x_wconf 82' lang='lat' dir='ltr'><strong>igitur</strong></span> <span class='ocrx_word' id='word_1_309' title='bbox 1267 2516 1424 2550; x_wconf 82' lang='lat' dir='ltr'><strong>ordinem</strong></span> <span class='ocrx_word' id='word_1_310' title='bbox 1455 2515 1656 2559; x_wconf 80' lang='lat' dir='ltr'><strong>fragmenta</strong></span> <span class='ocrx_word' id='word_1_311' title='bbox 1688 2516 1807 2546; x_wconf 81' lang='lat' dir='ltr'><strong>nostra</strong></span> 
     </span>
     <span class='ocr_line' id='line_1_41' title="bbox 420 2559 1669 2606; baseline -0.003 -10"><span class='ocrx_word' id='word_1_312' title='bbox 420 2565 555 2602; x_wconf 75' lang='lat' dir='ltr'><strong>tenent,</strong></span> <span class='ocrx_word' id='word_1_313' title='bbox 578 2573 793 2606; x_wconf 79' lang='lat' dir='ltr'><strong>quamquam</strong></span> <span class='ocrx_word' id='word_1_314' title='bbox 817 2574 856 2596; x_wconf 86' lang='lat' dir='ltr'><strong><em>re</em></strong></span> <span class='ocrx_word' id='word_1_315' title='bbox 878 2565 912 2596; x_wconf 80' lang='lat' dir='ltr'><strong><em>et</em></strong></span> <span class='ocrx_word' id='word_1_316' title='bbox 935 2561 1051 2596; x_wconf 81' lang='lat' dir='ltr'><strong>verbis</strong></span> <span class='ocrx_word' id='word_1_317' title='bbox 1076 2573 1098 2596; x_wconf 84' lang='lat' dir='ltr'>a</span> <span class='ocrx_word' id='word_1_318' title='bbox 1121 2567 1220 2606; x_wconf 79' lang='lat' dir='ltr'><strong>parte</strong></span> <span class='ocrx_word' id='word_1_319' title='bbox 1242 2563 1336 2597; x_wconf 84' lang='lat' dir='ltr'><strong>edita</strong></span> <span class='ocrx_word' id='word_1_320' title='bbox 1359 2559 1669 2596; x_wconf 80' lang='lat' dir='ltr'><strong>differunt.MA1.</strong></span> 
     </span>
    </p>

    <p class='ocr_par' dir='ltr' id='par_1_10' title="bbox 419 2587 1806 2744">
     <span class='ocr_line' id='line_1_42' title="bbox 511 2587 1806 2653; baseline -0.003 -12"><span class='ocrx_word' id='word_1_321' title='bbox 511 2587 859 2653; x_wconf 72' lang='lat' dir='ltr'><strong><em>71&#39;).17.1nteuigit</em></strong></span> <span class='ocrx_word' id='word_1_322' title='bbox 881 2609 1027 2642; x_wconf 79' lang='lat' dir='ltr'><strong>fortasse</strong></span> <span class='ocrx_word' id='word_1_323' title='bbox 1049 2608 1224 2643; x_wconf 79' lang='lat' dir='ltr'><strong>Diodorus</strong></span> <span class='ocrx_word' id='word_1_324' title='bbox 1255 2619 1400 2652; x_wconf 73' lang='lat' dir='ltr'><strong>opelam</strong></span> <span class='ocrx_word' id='word_1_325' title='bbox 1423 2618 1445 2641; x_wconf 88' lang='lat' dir='ltr'>a</span> <span class='ocrx_word' id='word_1_326' title='bbox 1469 2606 1636 2651; x_wconf 75' lang='lat' dir='ltr'>Syphace</span> <span class='ocrx_word' id='word_1_327' title='bbox 1657 2602 1806 2648; x_wconf 75' lang='lat' dir='ltr'><strong>praesti-</strong></span> 
     </span>
     <span class='ocr_line' id='line_1_43' title="bbox 419 2650 1806 2698; baseline -0.002 -12"><span class='ocrx_word' id='word_1_328' title='bbox 419 2655 493 2686; x_wconf 81' lang='lat' dir='ltr'><strong><em>tam</em></strong></span> <span class='ocrx_word' id='word_1_329' title='bbox 515 2653 551 2687; x_wconf 86' lang='lat' dir='ltr'><strong>in</strong></span> <span class='ocrx_word' id='word_1_330' title='bbox 573 2654 747 2697; x_wconf 75' lang='lat' dir='ltr'><strong>perdenda</strong></span> <span class='ocrx_word' id='word_1_331' title='bbox 767 2654 1005 2698; x_wconf 79' lang='lat' dir='ltr'><strong>Sophonisba,</strong></span> <span class='ocrx_word' id='word_1_332' title='bbox 1031 2655 1272 2690; x_wconf 82' lang='lat' dir='ltr'><strong>Romanorum</strong></span> <span class='ocrx_word' id='word_1_333' title='bbox 1288 2654 1420 2692; x_wconf 80' lang='lat' dir='ltr'><strong>femina</strong></span> <span class='ocrx_word' id='word_1_334' title='bbox 1437 2651 1688 2689; x_wconf 79' lang='lat' dir='ltr'><strong>inimicissima.</strong></span> <span class='ocrx_word' id='word_1_335' title='bbox 1711 2650 1806 2695; x_wconf 76' lang='lat' dir='ltr'>Lege</span> 
     </span>
     <span class='ocr_line' id='line_1_44' title="bbox 419 2699 1042 2744; baseline 0.002 -12"><span class='ocrx_word' id='word_1_336' title='bbox 419 2699 618 2744; x_wconf 81' lang='lat' dir='ltr'><strong>fragmenta</strong></span> <span class='ocrx_word' id='word_1_337' title='bbox 641 2701 734 2734; x_wconf 81' lang='lat' dir='ltr'><strong>edita</strong></span> <span class='ocrx_word' id='word_1_338' title='bbox 755 2701 823 2735; x_wconf 87' lang='lat' dir='ltr'><strong>loc.</strong></span> <span class='ocrx_word' id='word_1_339' title='bbox 848 2700 905 2734; x_wconf 79' lang='lat' dir='ltr'><strong><em>cit.</em></strong></span> <span class='ocrx_word' id='word_1_340' title='bbox 942 2700 1042 2734; x_wconf 80' lang='lat' dir='ltr'><strong>MAI.</strong></span> 
     </span>
    </p>

    <p class='ocr_par' dir='ltr' id='par_1_11' title="bbox 511 2744 1520 2791">
     <span class='ocr_line' id='line_1_45' title="bbox 511 2744 1520 2791; baseline 0 -13"><span class='ocrx_word' id='word_1_341' title='bbox 511 2745 569 2780; x_wconf 90' lang='grc'><strong><em>70</em></strong></span> <span class='ocrx_word' id='word_1_342' title='bbox 593 2746 652 2780; x_wconf 81' lang='lat'><strong>21.</strong></span> <span class='ocrx_word' id='word_1_343' title='bbox 686 2748 783 2791; x_wconf 77' lang='lat' dir='ltr'><strong>Lege</strong></span> <span class='ocrx_word' id='word_1_344' title='bbox 804 2747 1002 2790; x_wconf 83' lang='lat' dir='ltr'><strong>Appianum</strong></span> <span class='ocrx_word' id='word_1_345' title='bbox 1024 2757 1104 2789; x_wconf 83' lang='lat' dir='ltr'><strong>pun</strong></span> <span class='ocrx_word' id='word_1_346' title='bbox 1130 2757 1204 2790; x_wconf 83' lang='lat' dir='ltr'><strong>cap.</strong></span> <span class='ocrx_word' id='word_1_347' title='bbox 1226 2746 1391 2780; x_wconf 88' lang='lat' dir='ltr'><strong>XXXIV.</strong></span> <span class='ocrx_word' id='word_1_348' title='bbox 1421 2744 1520 2778; x_wconf 83' lang='lat' dir='ltr'><strong>MAI.</strong></span> 
     </span>
    </p>

    <p class='ocr_par' dir='ltr' id='par_1_12' title="bbox 415 2784 1806 2882">
     <span class='ocr_line' id='line_1_46' title="bbox 510 2784 1806 2840; baseline -0.005 -15"><span class='ocrx_word' id='word_1_349' title='bbox 510 2791 566 2826; x_wconf 92' lang='grc'>70.</span> <span class='ocrx_word' id='word_1_350' title='bbox 592 2791 650 2827; x_wconf 82' lang='lat'><strong>23.</strong></span> <span class='ocrx_word' id='word_1_351' title='bbox 689 2793 778 2827; x_wconf 81' lang='lat' dir='ltr'><strong>Exin</strong></span> <span class='ocrx_word' id='word_1_352' title='bbox 809 2793 980 2836; x_wconf 76' lang='lat' dir='ltr'><strong>repetitur</strong></span> <span class='ocrx_word' id='word_1_353' title='bbox 1012 2792 1048 2826; x_wconf 87' lang='lat' dir='ltr'><strong>in</strong></span> <span class='ocrx_word' id='word_1_354' title='bbox 1082 2792 1201 2826; x_wconf 84' lang='lat' dir='ltr'><strong>codice</strong></span> <span class='ocrx_word' id='word_1_355' title='bbox 1231 2793 1329 2826; x_wconf 80' lang='lat' dir='ltr'><strong>locus</strong></span> <span class='ocrx_word' id='word_1_356' title='bbox 1353 2790 1568 2834; x_wconf 79' lang='lat' dir='ltr'><strong>praedictus,</strong></span> <span class='ocrx_word' id='word_1_357' title='bbox 1601 2788 1662 2822; x_wconf 83' lang='lat' dir='ltr'><strong>vix</strong></span> <span class='ocrx_word' id='word_1_358' title='bbox 1684 2784 1806 2840; x_wconf 75' lang='lat' dir='ltr'><strong>paucis</strong></span> 
     </span>
     <span class='ocr_line' id='line_1_47' title="bbox 415 2828 1805 2893; baseline 0.001 -23"><span class='ocrx_word' id='word_1_359' title='bbox 415 2837 533 2872; x_wconf 80' lang='lat' dir='ltr'><strong>verbis</strong></span> <span class='ocrx_word' id='word_1_360' title='bbox 555 2838 719 2874; x_wconf 81' lang='lat' dir='ltr'><strong>mutatis·</strong></span> <span class='ocrx_word' id='word_1_361' title='bbox 739 2835 828 2875; x_wconf 77' lang='lat' dir='ltr'><strong><em>“On</em></strong></span> <span class='ocrx_word' id='word_1_362' title='bbox 850 2852 924 2874; x_wconf 89' lang='grc' dir='ltr'><strong><em>των</em></strong></span> <span class='ocrx_word' id='word_1_363' title='bbox 948 2851 1133 2882; x_wconf 80' lang='grc' dir='ltr'><strong><em>καχεκτων</em></strong></span> <span class='ocrx_word' id='word_1_364' title='bbox 1157 2836 1448 2893; x_wconf 80' lang='grc' dir='ltr'><strong><em>ἐπιθυμούντων</em></strong></span> <span class='ocrx_word' id='word_1_365' title='bbox 1481 2837 1590 2873; x_wconf 79' lang='grc' dir='ltr'><strong><em>λῦσαι</em></strong></span> <span class='ocrx_word' id='word_1_366' title='bbox 1612 2834 1680 2889; x_wconf 85' lang='grc' dir='ltr'><strong><em>την</em></strong></span> <span class='ocrx_word' id='word_1_367' title='bbox 1704 2828 1805 2887; x_wconf 79' lang='grc' dir='ltr'><strong><em>εἰρή-</em></strong></span> 
     </span>
    </p>
   </div>
   <div class='ocr_carea' id='block_1_6' title="bbox 413 2875 1805 2932">
    <p class='ocr_par' dir='ltr' id='par_1_13' title="bbox 413 2875 1805 2932">
     <span class='ocr_line' id='line_1_48' title="bbox 413 2875 1805 2932; baseline 0 -12"><span class='ocrx_word' id='word_1_368' title='bbox 413 2894 506 2929; x_wconf 80' lang='grc' dir='ltr'><em>νην,</em></span> <span class='ocrx_word' id='word_1_369' title='bbox 531 2884 593 2920; x_wconf 81' lang='grc' dir='ltr'><strong><em>καὶ</em></strong></span> <span class='ocrx_word' id='word_1_370' title='bbox 612 2885 677 2932; x_wconf 83' lang='grc' dir='ltr'><strong><em>τῆς</em></strong></span> <span class='ocrx_word' id='word_1_371' title='bbox 699 2885 893 2932; x_wconf 75' lang='grc' dir='ltr'><strong><em>γερουσίας</em></strong></span> <span class='ocrx_word' id='word_1_372' title='bbox 918 2884 987 2924; x_wconf 82' lang='grc' dir='ltr'><strong><em>οὐκ</em></strong></span> <span class='ocrx_word' id='word_1_373' title='bbox 1003 2883 1119 2931; x_wconf 75' lang='grc' dir='ltr'><strong><em>ἐώσης</em></strong></span> <span class='ocrx_word' id='word_1_374' title='bbox 1135 2886 1241 2921; x_wconf 82' lang='grc' dir='ltr'><strong><em>λῦσαι</em></strong></span> <span class='ocrx_word' id='word_1_375' title='bbox 1260 2898 1326 2927; x_wconf 86' lang='grc' dir='ltr'><strong><em>τας</em></strong></span> <span class='ocrx_word' id='word_1_376' title='bbox 1348 2881 1551 2928; x_wconf 78' lang='grc' dir='ltr'><strong><em>συνθήκας,</em></strong></span> <span class='ocrx_word' id='word_1_377' title='bbox 1576 2876 1700 2920; x_wconf 73' lang='grc' dir='ltr'><strong><em>οὐδεὶς</em></strong></span> <span class='ocrx_word' id='word_1_378' title='bbox 1717 2875 1805 2924; x_wconf 73' lang='grc' dir='ltr'><strong><em>ἕπῆ</em></strong></span> 
     </span>
    </p>
   </div>
  </div>
 </body>
</html>
