1968 3346
589 207 1150 252 PRAEFATIO.
1548 228 1573 255 v

306 323 636 371 Hoeschelium
668 341 784 371 anno
817 324 967 370 1634.
998 331 1296 384 consequutus
1332 330 1398 372 est
1425 327 1570 375 Henr.

166 402 370 450 Valesius
410 407 534 451 edito
568 407 723 465 amplo
763 405 872 469 περὶ
908 403 1082 469 α’ρετῆς
1111 406 1191 452 καὶ
1227 406 1390 460 κακίας
1420 410 1566 467 titulo,

167 485 289 530 cuius
311 486 542 544 exemplar
561 487 913 546 manuscriptum
938 501 993 530 ex
1019 486 1158 530 insula
1180 485 1336 547 Cypro
1358 489 1568 535 redeme-

165 570 234 608 rat
259 565 357 610 Nic.
390 565 526 610 Fabr.
556 566 816 612 Peirescius.
888 566 1028 620 Quod
1067 566 1239 624 ipsum,
1286 573 1334 610 ut
1370 570 1561 629 videtur,

166 659 271 690 cum
301 643 372 688 ed.
390 645 558 690 Valesii
579 646 729 691 denuo
754 646 1008 692 contulerat
1029 645 1295 700 Salmasius,
1333 649 1457 693 cuius
1482 667 1564 694 an-

165 723 415 768 notationes
464 740 568 771 cum
606 726 905 787 Wesselingio
951 725 1299 772 communicavit
1332 727 1398 770 Io.
1437 729 1561 774 God.

161 802 418 848 Richterus.
471 805 633 850 Finem
652 806 755 851 libri
776 807 959 867 periisse
978 805 1205 850 annotavit
1227 804 1456 853 Valesius:
1491 810 1562 854 in-

160 888 294 945 tegro
322 884 494 930 inerant
527 888 718 947 eclogae
745 888 967 933 librorum
996 885 1287 931 Vll.-.-XL.

296 964 359 1009 Et
393 964 464 1010 his
495 967 682 1025 quidem
711 970 850 1013 tribus
884 968 987 1012 viris
1015 965 1136 1009 facili
1174 966 1381 1010 omnibus
1416 981 1559 1027 opera

161 1045 452 1091 constiterunt
481 1063 597 1106 quae
627 1049 683 1092 ab
717 1048 777 1092 eis
804 1048 850 1091 in
876 1047 1026 1094 lucem
1059 1045 1268 1105 prolatae
1301 1053 1400 1091 sunt
1431 1047 1558 1092 Con-

158 1125 409 1170 stantiniani
449 1128 599 1187 operis
639 1127 903 1188 particulae.
975 1126 1107 1182 Quae
1148 1126 1288 1186 longe
1324 1128 1557 1172 molestior

160 1207 429 1251 exantlanda
461 1209 546 1252 fuit
576 1209 829 1253 indefessae
858 1208 914 1253 A.
949 1205 1064 1250 Maii
1097 1206 1365 1263 industriae,
1414 1223 1555 1266 quum

157 1287 316 1332 Novae
339 1288 616 1335 collectionis
646 1305 751 1334 suae
771 1287 1003 1332 volumine
1025 1286 1223 1332 secundo
1248 1287 1417 1335 editum
1447 1289 1557 1332 titu-

156 1366 252 1412 lum
270 1368 378 1432 περὶ
400 1370 602 1430 γνωμῶν
622 1385 676 1415 ex
697 1370 889 1415 disiectis
911 1367 1190 1428 palimpsesti
1212 1367 1415 1412 Vaticani
1434 1368 1555 1412 foliis

156 1455 344 1494 erueret.
403 1449 475 1495 De
494 1467 587 1510 quo
607 1452 764 1496 labore
783 1451 975 1510 ipsoque
994 1449 1113 1493 libro
1135 1463 1275 1506 quum
1299 1449 1356 1492 ab
1380 1449 1556 1494 editore

156 1529 258 1573 satis
288 1530 342 1574 sit
373 1533 628 1590 expositum
669 1532 741 1578 ed.
776 1538 954 1575 nostrae
996 1544 1044 1588 p.
1076 1528 1352 1584 lll.—-.-1X.,
1390 1544 1470 1573 nos
1505 1528 1553 1573 id

155 1625 295 1654 unum
319 1625 741 1668 commemoramus,
772 1612 1039 1656 Vaticanum
1062 1609 1283 1661 codicem,
1312 1615 1554 1667 postquam

154 1679 367 1751 pristinae
402 1691 579 1737 formae
617 1693 840 1737 restitutus
873 1698 962 1746 est,
1008 1689 1110 1734 vll.
1132 1715 1203 1729 q
1226 1688 1327 1731 Xll.
1369 1694 1412 1732 et
1449 1688 1552 1734 XV.

154 1770 336 1813 -—XL.
383 1770 577 1816 Diodori
612 1772 835 1816 librorum
879 1771 1065 1831 eclogas
1100 1768 1385 1814 sententiosas
1419 1769 1553 1815 exhi—

152 1849 289 1908 bere,
335 1850 418 1895 nisi
456 1851 582 1910 quod
614 1852 768 1898 ablato
800 1852 970 1899 codicis
1006 1850 1131 1897 initio
1160 1849 1338 1909 septimi
1366 1849 1553 1898 fortasse

154 1944 247 1974 non
277 1945 432 1977 omnes
455 1938 707 1990 supersunt.
777 1935 895 1979 Nam
919 1947 1036 1991 quae
1070 1931 1114 1974 in
1143 1930 1288 1975 editos
1318 1929 1456 1974 libros
1481 1930 1553 1973 in-

154 2011 369 2057 cidebant
398 2019 560 2071 sponte
590 2013 738 2058 omisit
758 2013 932 2069 Maius,
967 2019 1019 2057 ut
1043 2011 1426 2058 Peirescianarum
1456 2010 1553 2055 Va-

153 2091 312 2136 lesius:
364 2092 489 2139 cuius
527 2095 784 2154 exemplum
819 2094 880 2138 ita
918 2109 1022 2138 eum
1057 2091 1276 2136 imitatum
1318 2092 1553 2146 vellemus,

153 2177 203 2217 ut
233 2189 369 2232 quam
400 2174 498 2234 ipse
529 2175 587 2219 ad
618 2191 666 2235 p.
689 2174 770 2220 44.
794 2174 874 2219 17.
909 2179 1132 2219 memorat
1159 2172 1419 2219 varietatem
1443 2172 1556 2217 scri-

153 2259 315 2314 pturae
340 2269 575 2314 apponere
599 2271 690 2300 non
714 2256 952 2300 omitteret.
1023 2255 1219 2299 Necesse
1243 2259 1306 2297 est
1326 2255 1445 2303 enim
1465 2254 1554 2298 ha-

154 2349 255 2378 rum
286 2334 552 2395 eclogarum
581 2338 744 2393 libros,
780 2342 940 2396 utpote
970 2350 1024 2380 ex
1058 2335 1363 2392 antiquissimis
1397 2351 1554 2380 exem-

153 2414 355 2474 plaribus
384 2416 545 2461 ductos
565 2433 761 2476 raroque
783 2416 1057 2477 descriptos,
1093 2417 1151 2469 ab
1174 2415 1286 2460 vitiis
1309 2431 1424 2475 quae
1445 2416 1555 2461 reli-

154 2511 269 2555 quos
281 2495 474 2540 Diodori
493 2498 674 2543 codices
695 2499 947 2543 invaserunt
967 2513 1103 2558 saepe
1119 2497 1306 2543 intactos
1328 2497 1551 2540 mansisse.

293 2577 501 2636 Ipsorum
531 2580 867 2639 eclogariorum
895 2595 1083 2638 operam
1114 2578 1240 2638 quod
1275 2578 1452 2633 attinet,
1496 2593 1551 2621 ea

153 2658 292 2718 plane
331 2658 418 2703 fuit
446 2661 848 2705 mercenariorum:
895 2660 973 2718 qui
1002 2674 1057 2704 ex
1088 2659 1301 2704 mandato
1330 2658 1411 2701 sibi
1444 2657 1556 2702 scri-

156 2745 290 2797 ptore
310 2744 480 2783 tantum
511 2747 726 2799 quantum
757 2740 818 2784 ad
851 2756 979 2785 suum
1009 2741 1200 2799 quisque
1231 2753 1417 2798 pensum
1447 2752 1557 2797 per-

160 2819 300 2865 tinere
332 2820 516 2866 duceret
555 2826 780 2868 sumentes
819 2836 956 2882 saepe
991 2837 1076 2867 nec
1119 2821 1362 2866 verborum
1397 2834 1560 2863 nexum
