1968 3346
344 233 650 276 EXCERPTA
678 231 967 275 VATICANA
996 234 1044 275 L.
1065 230 1280 276 XXXVII.
1288 236 1442 276 —XL.
1509 240 1592 280 125

199 346 361 402 ἆκαρεῖ
394 343 540 405 χρόνῳ
581 347 811 398 διακοσίας
848 349 960 398 ναῦς
1000 344 1209 403 ἐνέπρησε
1246 348 1320 391 καὶ
1358 336 1589 393 δεκαπέντε

201 404 422 478 μυριάδας
462 407 683 475 πολεμίων
723 405 771 448 ἐν
805 401 1046 475 παρατάξει
1086 404 1338 456 κατακόψας
1375 407 1452 457 τὰς
1491 409 1589 457 ἴσας

200 462 460 533 ἐζώγρησεν.
493 459 593 504 ἀλλ’
624 461 742 518 ὅμως
773 462 817 504 οἱ
845 462 924 504 τὸν
948 460 1189 531 Μαρσικὸν
1217 463 1423 517 πόλεμον
1440 465 1589 506 διαπο-

200 517 462 589 λεμήσαντες
479 504 686 573 Ῥωμαῖοι
714 518 820 568 τοὺς
850 516 1101 572 ἀπογόνους
1121 521 1208 561 τῶν
1230 518 1306 569 τὰς
1327 519 1588 590 τηλικαύτας

201 575 379 630 πράξεις
409 574 778 644 έπιτελεσαμένων
807 574 1176 644 κατεπολέμησαν.
1202 574 1310 644 ἑξῆς
1329 576 1374 618 δὲ
1395 573 1511 619 Ἀλεὲ
1515 575 1586 618 οἷν-
1618 583 1644 625 5

201 634 330 700 ‘399²'
343 635 426 675 τοῦ
453 631 718 683 Μακεδόνος
746 630 1082 688 ὑπερβαλλούσῃ
1107 629 1279 674 συνέσει
1307 633 1381 674 καὶ
1412 631 1591 690 ἀνδρεία

201 705 294 732 των
325 691 510 742 Περσῶν
537 688 619 745 τὴν
648 687 887 758 ἡγεμονίαν
926 687 1365 759 καταπολεμήσαντος
1386 686 1592 757 Ρωμαῖοι

202 743 316 790 κατὰ
343 762 449 795 τους
487 760 776 801 νεωτερικους
805 744 990 798 καιρούς
1029 747 1290 801 δορίκτητον
1327 744 1590 800 ἐποιήσαντο

196 801 286 873 ,την
314 803 616 850 Μακεδονίαν.
675 801 919 872 Καρχηδὼν
950 801 997 845 δὲ
1036 802 1136 872 περὶ
1169 805 1246 871 τῆς
1276 804 1481 852 Σικελίας
1519 802 1590 859 ἔτη

203 869 396 912 τεσσαρα
432 859 505 901 καὶ
541 861 678 903 εἴκοσι
714 857 997 915 πολεμήσασα
1033 863 1087 928 τῇ
1111 857 1255 915 Ῥώμῃ
1286 859 1360 901 καὶ
1388 861 1646 909 πλείστας10

203 915 280 960 καὶ
309 917 511 972 μεγίστας
544 914 849 971 ἀγωνισαμένη
877 915 1140 969 παρατάξεις
1169 917 1243 959 καὶ
1271 914 1590 971 ναυμαχήσασα

203 971 302 1016 τότε
330 989 410 1027 μεν
437 976 500 1028 τῷ
512 974 656 1043 βάρει
684 977 760 1028 τῆς
788 977 878 1015 τῶν
894 971 1121 1026 Ρωμαίων
1148 970 1384 1028 ἡγεμονίας
1409 988 1590 1018 κατεπο-

204 1027 397 1086 λεμήθη,
428 1025 523 1084 μετ’
553 1027 703 1084 ὀλίγον
733 1029 779 1072 δὲ
809 1027 889 1071 τὸν
915 1027 1194 1085 Ἀννιβιακὸν
1222 1029 1439 1084 κληθέντα
1469 1029 1552 1072 ποῖ
1558 1044 1593 1072 ε

205 1102 293 1142 μον
323 1085 628 1154 συστησαμένη
649 1084 916 1140 παρατάξεσι
936 1086 1011 1130 καὶ
1032 1087 1293 1154 ναυμαχίαις
1313 1086 1384 1128 καὶ
1410 1089 1593 1136 πολλαῖς

204 1140 485 1211 περιβοητοις
518 1142 707 1213 πραξεσι
736 1142 976 1197 νικήσασα,
1019 1141 1263 1198 στρατηγὸν
1293 1142 1451 1210 ε’χουσα
1478 1158 1591 1196 πρω-
1602 1149 1650 1192 15

204 1198 392 1242 τεύοντα
429 1196 529 1240 κατ’
571 1197 733 1254 οἷρετήν
760 1197 996 1269 Ἀννίβαν,
1027 1204 1279 1242 τελευταῖον
1307 1197 1397 1242 ὑπό
1428 1215 1473 1242 τε
1506 1203 1596 1241 τῶν

202 1252 429 1323 Ῥωμαίων
457 1254 529 1297 καὶ
558 1259 635 1308 τῆς
664 1258 754 1297 τῶν
768 1253 947 1298 Ἰταλῶν
970 1253 1276 1311 α’νδραγαθίας
1298 1256 1371 1298 καὶ
1394 1259 1487 1324 τῆς
1493 1259 1599 1298 Σκι-

206 1313 373 1361 πίωνος
393 1309 546 1366 ἀρετῆς
567 1311 916 1381 κατεπολεμήθη.
947 1314 1176 1382 Κίμβρους
1193 1312 1239 1355 δὲ
1258 1317 1352 1362 ταῖς
1370 1312 1449 1366 μὲν
1471 1310 1599 1360 όψεσι

207 1369 374 1435 γίγασι
384 1372 701 1422 παρεμφερεῖς,
729 1373 824 1418 ταῖς
854 1368 900 1411 δε
931 1367 1084 1420 αλκαῖς
1114 1366 1493 1424 ἀνυπερβλητους·
1526 1370 1599 1411 ού-

207 1441 280 1468 τοι
319 1423 405 1479 γάρ
441 1424 606 1475 πολλὰς
642 1424 717 1467 καὶ
755 1424 946 1480 μεγάλας
969 1423 1195 1494 Ρωμαίων
1233 1425 1442 1496 δυνάμεις
1469 1441 1596 1468 κατα·
1582 1436 1654 1476 -20

207 1480 429 1532 κόψαντες
469 1481 543 1524 καὶ
589 1479 775 1536 μυριάσι
813 1480 1142 1552 τεσσαράκοντα
1175 1481 1267 1554 τὴν
1306 1481 1374 1524 ἐπὶ
1408 1479 1598 1524 Ἰταλίαν

210 1539 441 1591 στρατείαν
480 1537 755 1591 στειλάμενοι
780 1543 876 1588 ταῖς
910 1542 1000 1581 τῶν
1023 1537 1251 1593 Ῥωμαίων
1281 1535 1602 1609 ἀνδραγαθίαις

212 1593 355 1664 ἄρδην
385 1592 700 1664 κατεκόπησαν.
734 1593 802 1637 διὸ
832 1598 914 1637 τοῦ
943 1597 1163 1648 πρωτείου
1191 1611 1303 1638 κατα
1331 1611 1409 1645 τας
1439 1596 1486 1638 έν
1509 1600 1602 1646 τοῖς

142 1651 423 1720 114πολέμοις
455 1648 763 1704 ἀνδραγαθίας
794 1650 840 1694 ἐκ
869 1668 959 1694 των
989 1650 1348 1722 ἀποτελεσμάτων
1371 1652 1602 1704 κριθέντος

213 1705 428 1762 ’ὑπάρχειν
456 1706 577 1760 παρὰ
600 1706 830 1776 Ρωμαίοις
858 1708 933 1751 καὶ
962 1713 1054 1759 τοῖς
1081 1707 1162 1775 τὴν
1184 1706 1371 1751 Ἰταλίαν
1399 1710 1656 1753 οἰκοῦσιν25

212 1765 391 1810 ε’θνεσιν
417 1763 445 1820 ἡ
477 1763 584 1833 τύχη
614 1762 816 1833 καθάπερ
849 1764 1043 1820 ἐπίτηδες
1071 1763 1260 1816 τούτους
1286 1767 1347 1815 εἰς
1375 1764 1603 1808 διαστασιν

146 1846 150 1847 ⁷
212 1819 445 1891 ἀγαγοῦσα
477 1820 555 1864 τὸν
596 1818 933 1889 υπερβάλλοντα
972 1825 1034 1879 τῷ
1074 1821 1260 1892 μεγέθει
1287 1821 1482 1875 πόλεμον
1524 1821 1619 1873 ἐξέ-

213 1890 391 1923 καυσεν.
421 1876 764 1921 ἐπαναστάντων
787 1876 870 1934 γὰρ
899 1881 989 1921 τῶν
1007 1866 1120 1922 κατὰ
1149 1894 1232 1935 την
1249 1863 1438 1922 Ἰταλίαν
1458 1878 1606 1921 ἐθνῶν

355 1981 491 2016 1251.
526 1980 736 2025 διακοσίας]
766 1980 944 2026 διςχιλίας
971 1982 1141 2017 mendose
1168 1982 1252 2017 libri
1272 1981 1423 2017 Diodori
1443 1983 1506 2016 XI.
1530 1983 1606 2023 2Ο.,

259 2026 456 2067 διακοσίας
480 2036 576 2062 recte
600 2030 664 2061 Xi.
694 2030 724 2062 1.

355 2073 435 2108 125.
461 2075 493 2108 8.
530 2073 767 2129 δορίκτητον]
798 2070 1029 2117 δορύκτητον
1052 2073 1108 2107 ed.
1132 2075 1236 2108 Rom.

356 2120 517 2155 125.13.
550 2117 791 2176 Ἀννιβιακὸν]
831 2123 883 2153 lta
917 2121 995 2154 cod.
1043 2120 1087 2153 Et
1120 2120 1262 2164 quidem
1297 2116 1513 2164 οἷννιβιακὸς
1540 2130 1606 2163 pro

260 2160 477 2212 ἆννιβαὶκὸς
501 2167 633 2201 habent
659 2170 767 2200 etiam
791 2167 942 2211 Appiani
968 2166 1109 2200 codices
1134 2167 1247 2211 praef.
1273 2179 1347 2210 cap.
1372 2168 1469 2200 XIV·
1506 2168 1606 2200 MAI.

288 2219 291 2224 ’
355 2212 517 2247 125.18.
551 2212 756 2257 Κίμβρους]
793 2210 997 2267 Κυμβροὺς
1029 2212 1086 2246 ed.
1109 2213 1212 2246 Rom.
1244 2219 1280 2247 et
1303 2209 1392 2253 τούς
1414 2213 1495 2246 loco
1519 2224 1609 2257 pro-

263 2257 349 2292 ximi
376 2261 470 2300 ταῖς.
519 2259 589 2293 Sed
612 2272 736 2294 manca
759 2266 814 2293 est
838 2259 1024 2296 sententia,

307 2357 390 2393 125.
414 2358 449 2393 3.
479 2359 576 2405 Lege
597 2360 796 2395 Diodorum
818 2363 976 2394 nostrum
994 2359 1057 2394 XI.
1081 2359 1140 2393 22.
1176 2359 1276 2395 MAI.

310 2404 391 2439 125.
416 2404 448 2439 5.
485 2405 621 2439 Siculos
641 2407 808 2441 nimirum
825 2407 1095 2450 perdomuerunt
1112 2406 1276 2441 Romani.
1317 2407 1430 2448 Atque
1450 2404 1534 2438 hinc
1550 2415 1611 2436 co-

216 2461 387 2506 gnoscere
403 2451 565 2484 videmur
580 2453 711 2487 bellum
730 2453 863 2486 sociale
884 2452 928 2486 ad
945 2452 1081 2486 Siculos
1100 2463 1237 2496 quoque
1256 2451 1476 2496 pertinuisse.
1515 2451 1611 2484 MAr.

312 2496 476 2531 12519.
509 2497 572 2530 Sic
594 2499 637 2532 de
660 2498 813 2532 Cimbris
837 2497 946 2532 etiam
964 2497 1213 2533 Plutarchus
1202 2510 1239 2532 m
1258 2498 1376 2532 Mario
1396 2508 1476 2541 cap.
1494 2496 1612 2530 xxm

220 2554 344 2586 ωσπερ
366 2542 402 2578 οἱ
425 2544 603 2587 γίγαντες
637 2545 737 2578 MAI.

224 2610 227 2612 -
315 2589 394 2623 125.
419 2590 475 2622 21.
526 2590 715 2633 Duplieare
757 2588 897 2623 videtur
937 2588 1162 2624 Cimbrorum
1202 2600 1389 2623 numerum
1428 2588 1614 2629 Diodorus,

221 2645 372 2678 quorum
396 2634 553 2678 plerique
575 2636 735 2670 historici
759 2636 906 2669 ducenta
928 2638 1064 2670 tantum
1085 2636 1186 2669 milia
1201 2635 1395 2679 perhibent.
1429 2634 1499 2667 Sed
1519 2633 1614 2667 enim

219 2682 371 2715 fortasse
396 2681 568 2714 Diodorus
592 2694 672 2716 cum
697 2681 850 2716 Cimbris
883 2686 1045 2715 numerat
1068 2681 1260 2726 Tigurinos
1285 2687 1388 2725 atque
1412 2680 1616 2719 Ambrones,

221 2738 310 2771 quos
334 2727 406 2760 alio
430 2726 563 2770 proelio
587 2728 674 2763 vicit
696 2728 790 2761 idem
823 2726 882 2771 qui
908 2727 1070 2762 Cimbros
1091 2728 1339 2771 Teutonasque
1363 2726 1509 2760 Marius.
1557 2725 1616 2759 Ait

221 2782 308 2806 vero
331 2772 478 2806 Orosius
495 2773 536 2808 V.
560 2773 625 2808 17.
657 2775 696 2808 in
718 2774 771 2807 his
802 2773 934 2807 duobus
954 2774 1097 2819 procliis
1124 2774 1278 2808 GCCXL
1310 2774 1410 2807 milia
1437 2773 1615 2806 Gallorum

222 2819 357 2860 occisa,
393 2824 426 2854 et
453 2818 558 2854 CXL.
589 2821 689 2856 milia
721 2823 828 2866 capta
859 2823 953 2855 sunt.
998 2819 1131 2855 Verum
1161 2819 1200 2855 in
1229 2820 1287 2855 his
1310 2829 1449 2865 quoque
1478 2817 1619 2853 variant

223 2863 399 2901 historici.
432 2864 534 2900 MAI.
