1968 3346
508 177 567 222 744
845 173 1145 220 EXCERPTA
1173 175 1363 219 PHOTII
1389 176 1440 217 L.
1468 176 1556 217 XL.

505 286 669 331 λιτείαν
706 284 994 341 ἓνομοθέτησέ
1029 301 1074 330 τε
1105 286 1180 330 καὶ
1209 286 1385 338 διέταξε.
1416 289 1545 334 διεῖλε
1574 288 1621 332 δὲ
1649 288 1699 334 τὸ
1728 293 1899 348 πλῆθος
1967 334 1968 344 ,

421 343 476 386 25
507 344 568 390 εἰς
599 339 769 385 δώδεκα
807 342 950 398 φυλάς
988 343 1061 386 δια
1089 342 1139 387 τό
1170 343 1249 386 τὸν
1274 342 1471 405 οἷοιθμόν
1503 349 1663 389 τοῦτον
1689 350 1897 393 τελειότα-
1948 381 1968 393 »η

503 414 583 440 τον
612 400 869 469 νομίζεσθαι
899 400 973 442 καὶ
1001 399 1244 467 σύμφωνον
1274 405 1386 444 εἰναι
1415 405 1477 458 τῷ
1507 401 1667 471 πλήθει
1696 421 1787 448 των
1815 423 1893 462 μη·
1967 405 1968 415 ’

501 470 595 497 νων
623 459 712 497 τῶν
735 454 814 498 τόν
844 455 1047 499 ἐνιαυτόν
1077 446 1464 527 συμπληρούντων
1502 457 1673 514 ἄγαλμα
1703 460 1749 504 δὲ
1777 466 1896 506 θεῶν

500 511 551 553 τὸ
586 509 778 557 σύνολον
820 510 875 555 οὕ
906 512 1193 557 κατεσκεύασε
1235 513 1307 556 διὰ
1336 514 1384 557 τό
1414 514 1472 571 μή
1503 518 1694 585 νομίζειν
1723 515 1897 586 ἀνθρω-

468 593 470 596 -
501 568 741 636 πόμορφον
770 566 881 615 εἶναι
909 567 988 612 τὸν
1017 567 1153 618 θεόν,
1183 567 1293 613 ἀλλὰ
1322 572 1400 613 τὸν
1417 571 1685 639 περιέχοντα
1704 573 1790 643 τήν
1811 578 1896 629 γῆν

417 626 472 670 30
504 622 700 678 οὐρανὸν
729 624 870 680 μόνον
900 623 1010 668 εἶναι
1040 624 1151 669 θεόν
1180 627 1253 669 καὶ
1281 631 1370 671 τῶν
1400 625 1516 670 ὅλων
1537 628 1705 683 κύριον.
1740 629 1818 681 τοὶς
1848 630 1895 674 δὲ

501 683 665 732 θυσίας
694 681 1008 754 ἐξηλλαγμένας
1021 682 1355 753 συνεστήσατο
1366 687 1456 727 τῶν
1468 686 1606 754 παρὰ
1633 691 1724 737 τοῖς
1753 686 1897 738 ἄλλοις

501 737 650 786 ἔθνεσι
698 740 771 783 καὶ
809 739 886 793 τὰς
925 736 1036 781 κατὰ
1072 737 1151 782 τόν
1191 741 1289 794 βίον
1314 738 1524 799 ἀγωγάς·
1577 743 1651 785 διοὶ
1692 742 1776 798 γὰρ
1814 743 1896 798 τήν

502 795 622 837 ἰδίαν
659 795 916 851 ξενηλασίαν
956 792 1260 850 ἀπάνθρωπόν
1296 796 1423 839 τινα
1434 798 1508 844 και
1523 798 1768 866 μισόξενον
1796 803 1896 854 βίον

415 850 470 897 35
502 849 770 920 εἰςηγήσατο.
813 850 1008 903 ἐπιλέξας
1045 852 1092 896 δὲ
1129 856 1218 894 τῶν
1248 851 1426 922 ἀνδρῶν
1454 852 1559 905 τούς
1587 855 1897 910 χαριεστατους

497 908 572 950 καὶ
601 907 787 962 μάλιστα
813 908 1155 979 δυνησομένους
1190 912 1270 951 τοῦ
1300 908 1554 978 σύμπαντος
1582 912 1744 963 ἔθνους
1776 915 1899 985 προΐ-

498 970 713 1016 στασθαι,
743 963 928 1015 τούτους
958 967 1087 1019 ἱερεῖς
1116 963 1330 1016 ἀπέδειξε·
1362 983 1442 1022 την
1470 966 1516 1010 δὲ
1523 968 1820 1037 διατριβὴν’
1806 970 1896 1012 ε’τα-

495 1021 570 1072 ξεν
599 1019 747 1065 αὐτῶν
775 1023 975 1078 γίνεσθαι
1003 1022 1104 1077 περὶ
1132 1022 1182 1065 τὸ
1220 1021 1342 1092 ἱερὸν
1369 1023 1444 1068 καὶ
1481 1022 1559 1075 τὰς
1585 1028 1668 1068 τοῦ
1696 1029 1807 1069 θεοῦ
1833 1041 1898 1069 τι·

494 1076 580 1133 μοῖς
617 1094 662 1123 τε
703 1079 777 1124 καὶ
816 1081 992 1130 θυσίας.
1032 1078 1135 1129 τοὺς
1177 1077 1340 1129 αὐτοὺς
1378 1080 1425 1123 δὲ
1453 1081 1528 1124 καὶ
1542 1081 1764 1152 δικαστὰς
1793 1080 1898 1126 ἀπέ-

412 1131 473 1178 40
499 1135 608 1186 δειξε
644 1139 734 1178 τῶν
769 1137 982 1205 μεγίστων
1019 1137 1229 1190 κρίσεων,
1268 1136 1344 1179 καὶ
1382 1135 1464 1192 τὴν
1499 1141 1590 1180 τῶν
1627 1137 1782 1209 νόμων
1819 1139 1895 1182 καὶ

495 1195 588 1234 τῶν
625 1192 745 1235 εθῶν
784 1192 987 1263 φυλακὴν
1021 1192 1195 1243 τούτοις
1234 1192 1465 1245 ἐπέτρεψε·
1508 1193 1578 1237 διὸ
1601 1195 1679 1237 καὶ
1714 1196 1895 1250 βασιλέα

491 1263 572 1302 μεν
601 1250 813 1305 μηδέποτε
852 1253 942 1292 τῶν
977 1248 1227 1300 Ἰουδαίων,
1265 1247 1346 1304 τὴν
1377 1250 1423 1292 δὲ
1451 1254 1532 1292 τοῦ
1560 1250 1758 1306 πλήθους
1785 1268 1896 1307 προ-

492 1308 675 1348 στασίαν
712 1308 919 1350 δίδοσθαι
959 1305 1033 1349 διὰ
1074 1304 1238 1357 παντὸς
1275 1310 1354 1364 τῷ
1377 1308 1586 1350 δοκοῦντι
1623 1312 1721 1350 τῶν
1741 1310 1894 1362 ἱερέων

491 1361 712 1435 φρονήσει
750 1361 987 1435 καὶκὸιρετῇ
1017 1362 1232 1419 προέχειν.
1270 1351 1434 1405 τοῦτον
1466 1364 1514 1407 δὲ
1541 1364 1895 1425 προςαγορεύου-

405 1423 462 1471 45
494 1430 567 1461 σιν
610 1419 834 1474 ἀρχιερέα,
873 1420 947 1463 καὶ
984 1422 1242 1475 νομίζουσιν
1283 1418 1434 1470 αὐτοῖς
1465 1419 1660 1489 αγγελον
1680 1420 1893 1491 γίνεσθαι

492 1480 583 1519 τῶν
611 1481 691 1520 τοῦ
719 1480 833 1519 θεοῦ
861 1476 1218 1546 προςταγμάτων.
1246 1479 1406 1519 τοῦτον
1436 1475 1482 1519 δε
1511 1477 1621 1520 κατὰ
1636 1494 1717 1529 τας
1732 1478 1898 1534 ἐκκλη-

491 1535 588 1583 σίας
617 1534 691 1577 naz
719 1533 797 1584 τὰς
826 1531 959 1583 αλλας
990 1531 1211 1584 συνόδους
1249 1532 1385 1602 φησὶν
1414 1532 1615 1587 εκφέρειν
1644 1533 1698 1576 τὰ
1727 1550 1894 1589 παραγ-

489 1589 758 1646 γελλόμενα,
786 1590 861 1633 καὶ
890 1588 1001 1643 πρὸς
1029 1593 1160 1635 τοῦτο
1189 1589 1239 1633 τὸ
1268 1588 1402 1644 μέρος
1432 1588 1573 1641 οὕτως
1597 1589 1795 1642 εὐπιθεῖς
1827 1592 1894 1646 γί-

489 1652 648 1693 νεσθαι
686 1647 792 1698 τοὺς
824 1645 1070 1697 Ἰουδαίους
1114 1646 1219 1698 ω’ςτε
1248 1649 1514 1715 παραχρῆμα
1550 1649 1790 1699 πίπτοντας
1821 1647 1895 1691 ἐπὶ

405 1704 462 1754 50
492 1702 574 1759 τήν
611 1708 694 1760 γῆν
734 1709 998 1758 προςκυνεῖν
1033 1701 1113 1746 τὸν
1147 1701 1322 1753 τούτοις
1352 1701 1648 1773 ἑρμηνεύοντα
1679 1702 1890 1774 αρχιερέα.

491 1762 842 1816 προςγέγραπται
873 1761 917 1803 δὲ
945 1760 1020 1804 καὶ
1057 1764 1149 1810 τοῖς
1177 1760 1331 1814 νόμοις
1365 1759 1435 1804 επὶ
1464 1764 1660 1831 τελευτῆς
1687 1760 1755 1804 ὅτι
1783 1765 1886 1804 Meo-
1888 1767 1948 1805 54

493 1823 572 1872 σῆς
601 1817 798 1869 ακούσας
827 1821 908 1860 τοῦ
936 1819 1047 1860 θεοῦ
1075 1815 1177 1860 τάδε
1207 1815 1319 1872 λέγει
1347 1821 1440 1866 τοῖς
1464 1816 1708 1868 Ἰουδαίοις.
1744 1817 1887 1873 ἐποιή-

493 1887 599 1919 σατο
640 1873 748 1919 δ’ὁ
788 1874 1029 1929 νομοθέτης
1066 1890 1157 1917 των
1195 1889 1240 1916 τε
1278 1877 1528 1927 πολεμικων
1557 1874 1695 1929 ε’ργων
1724 1876 1890 1930 πολλὴν

407 1930 462 1977 55
492 1930 712 1987 πρόνοιαν
741 1932 814 1975 καὶ
852 1930 957 1981 τοὺς
986 1930 1115 1980 νέους
1154 1928 1396 1985 ἠνάγκαζεν
1425 1929 1576 1972 ασκεῖν
1607 1930 1815 1985 ἀνδρείαν
1844 1947 1890 1974 τε

490 1991 566 2034 καὶ
606 1990 842 2042 καρτερίαν
881 1988 956 2031 καὶ
989 1986 1039 2030 τὸ
1080 1986 1273 2031 σύνολον
1314 1986 1564 2059 υπομονήν
1589 1986 1730 2043 πάσης
1758 2003 1889 2031 κακο-

490 2048 690 2096 παθείας.
732 2046 917 2089 ἐποιεῖτο
959 2043 1006 2088 δε
1043 2044 1119 2087 καὶ
1156 2045 1382 2098 στρατείας
1421 2044 1481 2094 εἰς
1515 2042 1569 2086 τὰ
1609 2042 1891 2100 πλησιόχωρα

489 2107 581 2147 τῶν
610 2103 767 2154 ἐθνῶν,
801 2102 875 2145 καὶ
904 2099 1071 2156 πολλὴν
1100 2100 1480 2170 κατακτησαμενος
1507 2100 1658 2170 χώραν
1686 2107 1888 2171 κατεκλη-

405 2162 461 2203 60
491 2161 701 2231 ρούχησε,
730 2164 821 2210 τοῖς
849 2174 929 2213 μεν
959 2157 1154 2230 ἰδιώταις
1182 2159 1310 2208 ι’σους
1339 2155 1525 2211 ποιήσας
1559 2155 1765 2227 κλήρους,
1795 2163 1886 2209 τοῖς

490 2214 536 2261 6'
588 2219 751 2267 ἱερεῦσι
798 2217 1026 2270 μείζονας,
1081 2215 1155 2258 ἵνα
1202 2213 1498 2270 λαμβάνοντες
1547 2212 1886 2282 ἀξιολογωτέρας

486 2273 736 2328 προςόδους
765 2271 1081 2342 ἀπερίσπαστοι
1110 2275 1300 2327 συνεχῶς
1328 2268 1653 2324 προςεδρεύωσι
1681 2276 1776 2322 ταῖς
1804 2276 1884 2314 τοῦ

487 2334 599 2374 θεοῦ
628 2334 784 2387 τιμαῖς.
815 2345 898 2373 ουκ
930 2328 1030 2385 ἐξῆν
1060 2327 1106 2372 δὲ
1133 2333 1226 2381 τοῖς
1260 2326 1451 2378 ἰδιώταις
1478 2343 1583 2378 τους
1613 2328 1757 2379 ἰδίους
1783 2327 1884 2383 κλή-

487 2432 544 2467 25.
569 2431 869 2475 τελειότατονΑ,
891 2428 1116 2469 τελεωτατον
1139 2430 1269 2465 caeteri
1406 2429 1463 2464 35.
1490 2427 1704 2473 σύμπαντος
1727 2430 1781 2473 Β,
1806 2442 1882 2465 ‹ae-

487 2480 554 2513 teri
577 2477 843 2522 συμπαρόντος
995 2477 1052 2515 37.
1073 2474 1272 2532 διατριβήν
1292 2476 1322 2511 A
1346 2477 1430 2509 Ams
1433 2481 1478 2519 t.,
1505 2477 1634 2511 caeteri
1658 2475 1792 2520 τριβήν

488 2526 544 2559 -Η,
570 2526 704 2560 τοῦτον
731 2523 771 2560 δε
794 2525 843 2568 A,
869 2523 998 2558 caeteri
1021 2524 1158 2558 τοῦτον
1314 2521 1372 2558 48.
1396 2502 1563 2564 εὐπιθεῐς
1589 2524 1639 2566 A,
1662 2523 1793 2557 caeteri
1817 2519 1882 2558 εὖ

486 2573 634 2612 πειθεῖς
770 2570 828 2605 51.
853 2571 1022 2627 τελευτῆς
1044 2570 1097 2611 A,
1120 2570 1248 2605 caeteri
1271 2571 1337 2613 τῆς
1360 2571 1528 2613 τελευτῆς

577 2617 659 2653 544.
682 2614 739 2652 55.
773 2615 898 2652 ἀσκεῖν
931 2614 1110 2675 ἀνδρείαν
1133 2627 1172 2651 τε
1197 2615 1259 2650 καὶ
1289 2616 1486 2658 καρτερίαν
1509 2615 1560 2658 A,
1596 2614 1727 2649 caeteri
1750 2625 1883 2669 καρτε-

489 2664 577 2708 ρίαν
602 2664 814 2718 (καρτερίας
834 2664 960 2706 Amst.)
985 2674 1024 2698 τε
1045 2660 1108 2701 καὶ
1127 2660 1305 2706 ἀνδρείαν
1329 2660 1453 2697 ἀσκεῖν
1568 2659 1699 2695 56.τὸ
1726 2658 1882 2696 σύνολον

490 2721 558 2744 om.
580 2711 690 2744 Amet
792 2706 990 2753 υπομονήν
1014 2706 1138 2754 πάσης
1160 2709 1211 2750 Α,
1237 2708 1364 2743 caeteri
1387 2706 1513 2753 πάσης
1535 2703 1731 2752 υπομονήν
1823 2707 1882 2741 62.

490 2754 763 2801 προςεδρεύωσι
792 2756 823 2792 Β
854 2757 987 2801 Λυκίη
1022 2756 1151 2792 caeteri
1181 2753 1482 2801 προςεδρεύσωσι
1642 2754 1698 2789 63.
1735 2752 1775 2790 δὲ
1811 2765 1880 2788 om

489 2803 649 2838 primitus
673 2804 702 2837 A
