1968 3346
611 745 667 790 L.
743 742 1087 789 XXXIV.

256 922 356 968 Ὅτι
377 920 588 966 οὐδέποτε
607 920 756 972 στάσις
776 920 944 974 ἐγένετο
964 914 1201 975 τηλικαύτη
1220 915 1396 961 δούλων
1416 915 1544 974 ἡλίκη
1573 919 1630 964 50

159 979 344 1051 συνέστη
375 980 422 1023 έν
449 983 503 1036 τῇ
524 979 719 1034 Σικελίᾳ,
752 977 804 1021 δι’
835 976 891 1032 ἣν
921 976 1079 1019 πολλαὶ
1104 976 1183 1030 μὲν
1211 975 1358 1026 πόλεις
1386 976 1549 1024 δειναῖς

158 1038 417 1094 περιέπεσον
441 1040 732 1106 συμφοραῖς,
776 1033 1070 1089 ἀναρίθμητοι
1100 1032 1146 1076 δὲ
1183 1029 1339 1087 α’νδρες
1375 1032 1449 1075 καὶ
1477 1048 1550 1086 γυ-

160 1100 309 1144 ναῖκες
346 1091 452 1150 μετοέ
490 1092 656 1135 τέκνων
695 1090 994 1158 ἐπειράθησαν
1023 1092 1113 1132 τῶν
1153 1090 1369 1144 μεγίστων
1399 1086 1551 1159 ἀτυχη-

158 1151 335 1209 μάτων,
378 1153 499 1193 πᾶσα
529 1149 575 1192 δὲ
595 1147 632 1219 ᾑ
661 1152 797 1205 νῆσος
837 1146 1114 1190 ἐκινδύνευσε
1154 1150 1301 1188 πεσεῖν
1341 1146 1403 1195 εἰς
1432 1144 1550 1197 ἐξου-

158 1211 261 1252 σίαν
298 1209 548 1276 δραπετῶν,
592 1205 700 1259 ὅρον
737 1209 815 1260 τῆς
854 1204 1055 1256 ἐξουσίας
1080 1204 1322 1257 τιθεμένων
1349 1201 1431 1274 τὴν
1458 1205 1548 1245 τῶν
1576 1204 1633 1248 55

158 1264 408 1318 ἐλευθέρων
452 1261 706 1332 ὑπερβολην
758 1265 849 1304 τῶν
897 1259 1242 1332 ἀκληρημάτων.
1290 1259 1366 1302 καὶ
1412 1263 1551 1302 ταῦτα

159 1320 377 1391 ἀπήντησε
413 1325 506 1371 τοῖς
546 1335 625 1376 μεν
662 1322 841 1368 πολλοῖς
881 1316 1145 1367 ἀνελπίστως
1174 1316 1247 1360 καὶ
1275 1315 1552 1369 παραδόξως,

159 1384 252 1429 τοῖς
293 1377 340 1422 δὲ
378 1380 690 1433 πραγματικῶς
737 1375 898 1418 ε’καστα
949 1373 1221 1444 δυναμένοις
1258 1375 1428 1426 κρίνειν
1469 1371 1554 1416 οὐκ

160 1434 331 1506 ἀλόγως
369 1435 489 1486 ε’δοξε
525 1434 795 1504 συμβαίνειν.
855 1429 929 1474 διὰ
958 1430 1043 1501 γὰρ
1072 1430 1153 1486 τὴν
1193 1428 1444 1500 ’ὑπερβολην
1476 1433 1554 1486 τῆς

159 1491 372 1546 εὐπορίας
391 1496 480 1534 τῶν
507 1490 589 1546 τὴν
609 1491 846 1544 κρατίστην
863 1492 1004 1543 νῆσον
1024 1487 1393 1542 ἐκκαρπουμένων
1418 1485 1552 1529 ἅπαν-
1582 1490 1637 1531 60

159 1565 229 1600 τες
259 1549 412 1604 σχεδὸν
442 1549 486 1591 οἱ
514 1551 607 1596 τοῖς
644 1545 852 1596 πλούτοις
864 1543 1214 1614 προκεκοφότες
1255 1543 1475 1597 ἐζήλωσαν
1504 1543 1554 1587 τὸ

160 1621 240 1663 μεν
270 1609 448 1659 πρῶτον
484 1600 682 1673 τρυφήν,
726 1599 812 1645 εἶθ’
837 1599 1162 1672 ὑπερηφανίαν
1200 1601 1275 1643 καὶ
1304 1599 1452 1655 ὕβριν.
1511 1599 1556 1652 ἐξ

161 1664 228 1706 ῶν
257 1660 465 1706 ἁπάντων
494 1657 794 1733 αὐξανομένης
832 1656 898 1701 ἐπ’
915 1659 1027 1726 ἴσης
1056 1661 1133 1712 τῆς
1161 1672 1205 1699 τε
1235 1673 1344 1699 κατα
1374 1662 1464 1700 τῶν
1493 1659 1557 1700 οἰ-

160 1722 300 1764 κετῶν
328 1719 568 1786 κακουχίας
600 1716 674 1759 καὶ
709 1719 787 1770 τῆς
815 1731 926 1758 κατα
956 1717 1046 1757 τῶν
1077 1715 1302 1757 δεσποτῶν
1333 1711 1558 1772 ἀλλοτριό-

159 1791 311 1832 τητος,
345 1771 512 1844 έῤῥοέγη
551 1772 656 1816 ποτε
697 1771 780 1816 σύν
819 1774 961 1840 καιρῷ
989 1770 1039 1813 τὸ
1070 1775 1208 1823 μῖσος.
1263 1769 1306 1822 ἐξ
1336 1773 1390 1813 οὑ
1420 1771 1554 1826 χωρὶς
1583 1772 1639 1817 65

159 1829 518 1887 παραγγέλματος
545 1829 704 1872 πολλαὶ
727 1816 942 1882 μυριάδες
965 1827 1243 1896 συνέδραμον
1273 1829 1454 1870 οἰκετῶν
1484 1827 1555 1872 ἐπὶ

161 1888 243 1945 τὴν
271 1892 361 1930 τῶν
391 1889 616 1930 δεσποτῶν
646 1884 877 1928 ἀπώλειαν.
907 1884 958 1927 τὸ
986 1882 1294 1956 παραπλήσιον
1325 1885 1370 1927 δε
1399 1885 1555 1956 γέγονε

161 1946 238 1991 καὶ
266 1961 378 1988 κατα
404 1943 486 1999 τήν
509 1941 658 1986 Ἀσίαν
693 1941 805 1986 κατὰ
842 1941 949 1992 τούς
988 1940 1148 1992 αὐτοὺς
1186 1939 1394 1994 καιρούς,
1433 1939 1556 1995 Ἀρι-

163 2003 373 2047 στονίκου
402 2017 482 2056 μεν
511 1997 906 2069 ἅντιποιησαμένου
941 2003 1019 2068 τῇς
1048 1998 1107 2054 μή
1146 1997 1453 2052 προςηκούσης
1481 2001 1558 2054 βα·
1585 2002 1642 2042 70

164 2060 350 2110 σιλείας,
386 2061 476 2101 τῶν
516 2057 562 2100 δὲ
600 2055 774 2100 δούλων
813 2054 887 2100 δια
926 2072 1005 2106 τας
1035 2055 1081 2099 ἐκ
1110 2061 1202 2098 τῶν
1231 2057 1457 2098 δεσποτῶν
1486 2072 1560 2098 κα-

163 2117 344 2171 κουχίας
373 2113 834 2184 συναποτοησαμένων
866 2112 1017 2168 ἐκείνῳ
1056 2113 1131 2157 καὶ
1171 2110 1378 2169 μεγάλοις
1408 2111 1561 2169 ἀτυχή-

163 2184 288 2243 μασι
301 2171 466 2223 πολλάς
493 2169 640 2220 πόλεις
668 2158 1010 2242 περιβαλόντων.

267 2227 367 2272 Ὀτι
395 2229 712 2296 παραπλησίως
750 2226 824 2270 καὶ
864 2225 976 2281 πρὸς
1010 2242 1089 2276 τας
1126 2226 1342 2281 γεωργίας
1377 2225 1560 2277 ἕκαστος

166 2290 258 2329 τῶν
275 2285 441 2342 πολλὴν
464 2283 615 2355 χώραν
636 2282 914 2340 κεκτημένων
939 2282 1021 2326 ὅλα
1047 2287 1410 2352 σωματοτροφεῖα
1431 2294 1559 2353 συνη-
1587 2284 1645 2329 75

167 2342 376 2415 γόραζον·
416 2359 521 2393 τους
549 2357 630 2397 μεν
659 2341 812 2392 πέδαις
841 2339 1092 2395 δεσμεύειν,
1133 2338 1240 2390 τούς
1270 2339 1317 2382 δε
1344 2338 1563 2410 βαρύτησι

169 2404 260 2443 τῶν
289 2399 431 2454 ἔργων
459 2403 739 2450 καταπονεῖν,
770 2396 936 2449 πάντας
966 2396 1013 2440 δε
1042 2400 1135 2447 τοῖς
1161 2395 1468 2452 υπερηφάνοις
1491 2414 1564 2452 χα-

172 2459 385 2512 ρακτῆρσι
413 2456 679 2526 κατέστιζον.
722 2454 791 2498 διὸ
823 2455 898 2497 καὶ
924 2457 1114 2498 τοσοῦτο
1142 2457 1232 2497 τῶν
1262 2454 1444 2524 οἰκετῶν
1473 2453 1561 2497 έπέ-

79 2517 304 2564 599κλυσε
342 2515 513 2582 πλῆθος
553 2512 729 2556 ἅπασαν
776 2512 986 2556 Σικελίαν
1027 2509 1132 2562 ὥςτε
1172 2526 1279 2561 τους
1320 2508 1564 2563 ἀκούοντας

171 2569 253 2628 τήν
281 2568 534 2626 ὑπερβολὴν
563 2569 622 2626 μὴ
653 2572 897 2613 πιστεῦσαι.
938 2567 1014 2612 καὶ
1050 2567 1133 2624 γὰρ
1163 2571 1253 2611 τῶν
1282 2571 1562 2611 Σικελιωτῶν
1591 2570 1647 2612 80

265 2715 345 2753 598.
369 2716 428 2752 60.
451 2714 764 2763 ἐκκαρπονμένων
787 2715 1062 2771 Wesselingius,
1087 2712 1400 2758 εὖκαρπονμὲνων
1422 2710 1452 2749 V

171 2764 230 2800 ⁷1.
249 2762 376 2809 ἐκείνῳ
399 2764 573 2807 Valesius,
598 2762 747 2798 ἐκείνων
763 2762 796 2795 V
863 2761 921 2797 75.
944 2759 1047 2806 τους]
1072 2762 1135 2796 καὶ
1159 2773 1250 2800 τους
1273 2761 1442 2805 Valesius,
1464 2772 1568 2807 quem

173 2816 341 2856 aequatus
363 2810 617 2856 wesselingius
638 2808 1133 2855 ἐδέσμευον-κατεπόνουν
1154 2807 1294 2852 reponit
