1968 3346
368 182 455 225 11⁰
483 172 783 221 ExcERPTA
812 171 885 214 DE
913 169 1066 214 va
1094 169 1172 212 ET
1199 155 1383 212 <sn-,12
1407 167 1751 213 xva-xxx,

367 287 487 344 παρὰ
513 288 622 331 πᾶσι
648 287 742 335 τοῖς
759 279 990 327 Μακεδόσι
1017 280 1093 325 καὶ
1116 283 1210 331 τοῖς
1226 278 1433 336 Ἓλλησιν
1455 277 1757 339 υπερβαλλόν·

368 363 454 397 τως
483 343 711 415 συνέβαινε
738 344 983 409 μισεῖσθαι
989 337 1070 381 τόν
1094 337 1396 406 Ηρακλείδην.

285 407 345 453 50
474 400 574 444 ’Ότι
596 398 803 468 Ἀννίβας
824 395 898 440 διὰ
925 392 1062 451 μόνης
1090 398 1166 449 τῆς
1192 393 1291 448 περὶ
1321 391 1459 437 αὐτὸν
1489 392 1636 465 φήμης
1654 393 1758 439 καθ’

371 459 481 514 ὅλην
514 457 605 526 τὴν
623 453 890 525 οἰκουμένην
924 453 1205 521 περίβλεπτος
1233 449 1420 520 ἐγίνετο,
1460 451 1572 496 κατὰ
1609 457 1757 497 πᾶσαν

368 515 501 561 πόλιν
530 511 714 557 ἑκάστου
744 510 1011 559 σπεύδοντος
1041 506 1290 551 θεάσασθαι
1318 506 1398 551 τόν
1429 505 1584 562 ἄνδρα.

470 569 571 615 4’Ὀτι
599 568 624 614 ὁ
654 570 925 637 Πτολεμαῖος
954 564 977 608 ὁ
1014 568 1091 620 τῆς
1127 563 1356 633 Αἰγύπτου
1394 564 1597 636 βασιλεὺς
1632 564 1757 636 μέχρι

282 631 338 676 55
367 628 448 685 μέν
484 643 607 678 τινος
636 627 858 696 ἐπῃνεῖτο·
895 619 1176 690 Ἀριστομένη
1214 619 1262 664 δὲ
1299 619 1379 664 τὸν
1413 621 1652 691 ἐπίτροπον
1681 621 1757 665 αὐ-

366 687 451 730 τοῦ
470 682 777 754 γεγενημένον
813 678 888 723 καὶ
923 677 1065 721 πάντα
1101 680 1245 727 καλῶς
1282 675 1529 750 διῳκηκότα
1558 676 1639 734 τήν
1675 678 1825 733 μὲν574

369 739 511 812 ἀρχὴν
537 738 687 813 η’γάπα
709 735 952 791 καθαπερεὶ
972 733 1151 789 πατέρα,
1179 734 1254 777 καὶ
1271 734 1414 777 πάντα
1435 734 1643 789 ἔπραττεν
1666 734 1755 778 ἀπὸ

367 803 445 870 τῆς
473 797 646 841 ἐκείνου
674 794 870 865 γνώμης·
912 791 1017 848 μετὰ
1049 791 1095 834 δὲ
1123 794 1262 833 ταῦτα
1297 790 1387 834 ὑπὸ
1417 795 1508 834 τῶν
1545 796 1758 836 κολακευ-

282 860 340 901 60
369 855 515 899 όντων
545 852 810 908 διαφθαρεὶς
838 866 918 904 την
943 847 1088 903 ψυχὴν
1115 845 1194 890 τόν
1221 862 1267 889 τε
1271 844 1571 918 Ἀριστομένη
1590 848 1760 918 παῤῥη-

371 910 633 965 σιαζόμενον
662 909 836 964 ἐμίσησε
865 906 940 950 καὶ
968 905 1091 955 τέλος
1113 900 1443 958 συνηνάγκασεν
1473 904 1609 948 αὐτὸν
1637 904 1761 948 πιόν-

369 985 424 1012 τα
452 967 641 1011 κώνειον
669 967 931 1019 τελευτῆσαι.
987 960 1053 1004 αεὶ
1085 960 1131 1004 δὲ
1159 963 1326 1014 μᾶλλον
1361 962 1658 1015 θηριούμενος
1685 962 1762 1004 καὶ

369 1022 638 1079 τυραννικὴν
674 1021 957 1087 παρανομίαν
986 1016 1085 1061 ἀλλ’
1117 1016 1170 1060 οὐ
1201 1016 1432 1073 βασιλικην
1461 1017 1663 1069 ἐξουσίαν
1692 1021 1761 1074 ζη-

370 1081 538 1132 λώσας,
581 1077 769 1147 ἐμισήθη
807 1077 886 1132 μὲν
922 1074 1010 1118 ὑπὸ
1040 1077 1127 1118 τῶν
1163 1075 1435 1129 Αἰγυπτίων,
1482 1073 1762 1119 ἐκινδύνευσε

285 1139 341 1185 65
372 1138 420 1183 δὲ
449 1136 685 1206 ἀποβαλεῖν
713 1136 794 1190 τὴν
826 1134 1062 1202 βασιλείαν.

474 1194 574 1237 ’Ότι
601 1191 650 1236 τὸ
682 1191 849 1261 Δήλιον
879 1189 1001 1257 ἱερόν
1028 1205 1083 1243 ην
1107 1185 1162 1231 οὐ
1180 1186 1355 1242 μακραν
1377 1186 1541 1257 οῗπέχον
1559 1190 1636 1243 τῆς
1650 1192 1763 1232 Χαλ-

369 1252 504 1302 κίδος.
547 1251 700 1301 διόπερ
731 1247 754 1291 6
786 1245 993 1304 βασιλεύς
1030 1243 1119 1288 ὑπὸ
1161 1261 1251 1287 των
1288 1243 1508 1300 Ελλήνων
1548 1246 1764 1302 ἐβλασφη-

372 1313 517 1378 μεῖτο,
555 1306 636 1375 τὴν
666 1303 802 1360 α’ρχὴν
831 1307 912 1347 τοῦ
939 1303 1049 1357 πρὸς
1082 1301 1320 1357 Ῥωμαίους
1357 1302 1555 1357 πολέμου
1584 1318 1764 1375 πεποιη-

284 1373 341 1412 70
370 1364 503 1422 μένος
532 1362 574 1414 ἐξ
606 1359 818 1416 ἀσεβείας.
867 1361 921 1403 οὐ
953 1359 1248 1409 συνελθόντος
1267 1360 1526 1428 Φλαμίνιος
1555 1360 1654 1414 περὶ
1675 1359 1764 1403 Κό-

362 1426 533 1477 ρινθον
571 1420 810 1474 διατρίβων
847 1415 1176 1471 ἐπεμαρτύρατο
1216 1414 1383 1465 πάντας
1417 1414 1689 1471 ἀνθρώπους
1716 1431 1764 1460 τε

367 1479 444 1522 καὶ
473 1475 608 1527 θεούς
637 1476 706 1518 ἐπὶ
735 1478 796 1535 τῷ
826 1476 1162 1529 προκατῆρχθαι
1197 1475 1280 1515 τοῦ
1309 1472 1506 1529 πολέμου
1534 1472 1612 1517 τὸν
1640 1476 1764 1529 βασι·

369 1535 459 1579 λέα

473 1589 573 1634 ’Ότι
611 1587 829 1644 Ἀντίοχος
875 1585 922 1629 ἐν
961 1582 1239 1653 Δημητριάδι
1288 1582 1370 1640 τὴν
1392 1586 1765 1656 παραχειμασίαν·

286 1653 343 1698 75
372 1644 662 1717 ποιούμενος,
702 1647 774 1688 καὶ
801 1645 934 1686 πλείω
964 1659 1053 1685 των
1083 1640 1356 1697 πεντήκοντα
1388 1640 1497 1684 ἐτων
1526 1641 1764 1714 βεβιωκως,

371 1709 450 1760 τῆς
479 1720 557 1773 μεν
585 1703 684 1756 περὶ
712 1701 792 1745 τὸν
821 1698 1015 1754 πόλεμον
1044 1701 1325 1753 παρασκευῆς
1353 1695 1558 1768 ἠμέλησε,
1603 1699 1766 1755 παρθέ-

370 1778 455 1805 νου
487 1760 533 1804 δε
563 1757 812 1812 εὐπρεποῦς
845 1756 1049 1809 ἐρασθεις
1080 1754 1270 1810 ἐκάθητο
1303 1756 1408 1804 τοὺς
1435 1754 1596 1825 ταύτης
1624 1756 1765 1800 ἔπιτε-ὸ

370 1822 462 1862 λῶν
491 1816 660 1886 γάμους
695 1816 768 1858 καὶ
798 1812 1066 1883 πανηγύρεις
1105 1812 1308 1881 λαμπρὰς
1338 1810 1568 1867 συνήγαγε.
1626 1817 1765 1856 ταῦτα

372 1875 420 1918 δὲ
448 1872 655 1927 πράττων
686 1889 740 1914 ου
772 1870 912 1941 μόνον
941 1869 1106 1912 εαυτοῦ
1144 1867 1193 1911 τὸ
1234 1871 1360 1922 σῶμα
1398 1868 1474 1911 καὶ
1510 1869 1591 1925 τήν
1620 1870 1765 1926 ψυχὴν

227 1968 229 1970 .
290 1935 347 1976 80
377 1932 652 1986 διέφθειρεν,
684 1927 793 1971 ἄλλα
820 1926 895 1970 καὶ
923 1924 1002 1976 τοὶς
1029 1939 1119 1968 των
1149 1923 1381 1979 δυνάμεων
1412 1924 1551 1979 ὁρμὰς
1580 1927 1763 1979 ἐξέλυσε,

374 1988 450 2032 καὶ
477 2004 520 2030 οι
549 1989 807 2039 στρατιῶται
835 1984 916 2026 τόν
945 1987 1133 2037 χειμῶνα
1158 1981 1518 2051 κατατετριφότες
1546 1982 1594 2025 ἐν
1622 1981 1767 2028 ανέσει

373 2045 450 2088 καὶ
478 2060 626 2099 τρυφῃ
672 2059 818 2092 κακως
859 2039 1137 2107 ἀπήλλαττον
1166 2039 1214 2082 ἐν
1256 2042 1352 2089 ταῖς
1392 2037 1622 2093 ἀπορίαις,
1663 2040 1767 2085 οὔτε

374 2103 511 2152 δίψαν
542 2100 644 2143 οὔτε
674 2099 812 2153 άλλην
840 2094 1145 2140 κακοπάθειαν
1184 2093 1337 2150 φέρειν
1375 2094 1629 2151 δυνάμενοι.
1673 2096 1768 2141 διό-

373 2174 454 2210 περ
485 2154 634 2200 αὐτων
664 2157 708 2198 οἱ
737 2156 815 2209 μὲν
852 2155 913 2205 εἰς
949 2151 1113 2202 νόσους
1150 2151 1404 2202 ἐνέπιπτον,
1444 2154 1486 2195 οἱ
1516 2153 1563 2196 δὲ
1595 2154 1643 2197 ἐν
1669 2158 1768 2206 ταῖς

290 2223 346 2267 85
379 2213 500 2264 ὁδοῖς
527 2211 887 2281 ὑπολειπόμενοι
900 2209 1014 2253 πολὺ
1042 2213 1132 2252 τῶν
1159 2208 1322 2260 τάξεων
1352 2206 1625 2254 ἀπεσπῶντο.

479 2270 581 2313 Ὀτι
617 2268 836 2337 Ἀντίοχος
866 2265 890 2310 ὁ
921 2265 1125 2321 βασιλεὺς
1163 2264 1242 2317 τοὶς
1279 2265 1326 2308 ἐν
1367 2268 1578 2309 Θετταλία
1619 2267 1768 2319 πόλεις

376 2326 717 2381 πυνθανόμενος
746 2324 859 2379 πρὸς
884 2321 1126 2378 Ρωμαίους
1156 2326 1506 2377 μετατεθεῖσθαι,
1535 2339 1614 2375 τας
1643 2325 1690 2369 δὲ
1718 2326 1767 2368 ἐκ

375 2388 452 2439 τῆς
478 2383 624 2434 Ἀσίας
653 2381 858 2436 δυνάμεις
894 2379 1166 2433 ὑστερούσας
1205 2380 1279 2422 καὶ
1306 2378 1411 2429 τοὺς
1439 2380 1667 2433 Αἰτωλούς
1692 2398 1767 2425 κα-

291 2454 349 2498 90
377 2444 674 2496 ταμελοῦντας
712 2439 781 2481 καὶ
812 2436 1057 2507 προφάσεις
1088 2435 1154 2479 ἀεὶ
1183 2437 1528 2507 ποριζομένους,
1571 2439 1619 2481 ἐν
1654 2437 1767 2508 άγω-

377 2499 453 2541 νία
481 2499 623 2567 πολλῃ
652 2494 938 2550 καθειστήκει.
976 2493 1044 2537 διό
1077 2493 1152 2536 καὶ
1179 2509 1285 2542 τους
1315 2493 1605 2548 πεποιηκότας
1628 2493 1767 2538 αὐτὸν

375 2542 690 2610 απαράσκευον
721 2551 826 2596 ὄντα
856 2552 929 2595 καὶ
958 2552 1193 2601 πείσαντας
1221 2549 1292 2594 ἐπὶ
1319 2566 1400 2607 την
1436 2555 1526 2594 τῶν
1553 2552 1766 2595 Αἰτωλῶν

471 2699 552 2736 574.
576 2699 634 2736 69.
661 2697 922 2755 συνελθόντος]
948 2697 1058 2732 immo
1084 2700 1229 2734 συντελε
1233 2695 1406 2738 σθέντοςτ
1441 2698 1530 2732 conf.
1558 2697 1601 2732 ad
1625 2710 1658 2742 p.
1683 2697 1764 2732 583.

376 2747 435 2782 27.
575 2747 632 2781 82.
657 2745 845 2790 ἀπορίαις]
874 2758 917 2780 an
941 2745 1134 2788 πορείαις.7
1273 2746 1332 2782 vo.
1355 2743 1620 2792 πεποιηκότας]
1644 2757 1766 2780 πεπει-

376 2792 493 2837 κότας
513 2794 695 2829 Reiskius:
717 2804 781 2828 nec
803 2796 941 2828 caetera
965 2792 1102 2838 integra
1122 2794 1200 2828 sunt
