1968 3346
40 865 49 1643 ——w-o-—a—-v-—u———ss--a-w-——a—ew—-ffl

113 1715 122 1725 n

245 221 545 266 EXCERPTA
572 219 954 263 LEGATIONVM
986 220 1034 262 L.
1062 220 1257 264 XXXIV.
1269 221 1423 264 —XL
1482 225 1568 267 17⁸1

173 333 198 378 ὁ
240 331 578 402 ἐπικαλούμενος
606 329 835 387 Σπινθήρ.
878 332 924 374 οἵ
959 330 1006 374 δὲ
1036 333 1203 387 Κρῆτες
1227 328 1565 401 ἀπηλλάγησαν.

173 389 202 446 ἡ
233 391 280 433 δὲ
324 388 584 460 σύγκλητος,
629 389 728 443 περὶ
757 392 847 430 τῶν
876 387 1070 443 Κρητῶν
1098 386 1309 441 πολλάκις
1337 388 1473 444 λόγου
1501 405 1565 444 γε·
1594 395 1650 438 75

176 446 369 501 νομένου
420 445 488 489 ότι
538 448 805 488 κοινωνοῦσι
845 448 920 499 τῆς
957 446 1156 513 λῃστείας
1199 450 1292 497 τοῖς
1329 451 1567 499 πειραταῖς,

175 502 317 558 δόγμα
356 503 554 573 ἔγραψαν
594 501 712 552 ὅπως
760 502 805 544 οἱ
841 504 1010 571 Κρῆτες
1047 500 1189 544 πάντα
1226 502 1280 545 τὰ
1317 506 1449 545 πλοῖα
1490 501 1570 553 ἕως

175 559 504 631 τετρασκάλμου
546 557 860 613 ἀναπέμψωσιν
895 560 954 608 εἰς
979 556 1149 629 Ρώμην
1186 559 1260 601 καὶ
1289 561 1570 612 τριακοσίους

177 615 375 686 ὁμήρους
405 619 514 659 δῶσι
551 631 657 665 τους
687 613 1080 670 ἐπιφανεστατους,
1103 614 1373 684 ἐκπέμψωσι
1411 615 1456 658 δὲ
1495 616 1570 658 καὶ

178 672 419 741 Λασθένην
443 672 517 716 καὶ
547 671 780 727 Παναρην,
819 676 948 729 κοινῇ
979 671 1025 715 δὲ
1053 686 1210 723 παντες
1238 672 1464 715 ἐκτίσωσιν
1494 670 1568 726 ἆρ-
1598 681 1654 721 80

177 731 337 800 γυρίου
372 727 559 772 τάλαντα
596 731 917 783 τετρακιςχίλια.
959 729 1003 772 οἱ
1043 728 1089 772 δὲ
1117 732 1287 785 Κρῆτες
1324 729 1570 783 πυθόμενοι

179 803 234 830 τα
274 785 513 840 δεδογμένα
547 788 602 842 τῇ
647 786 897 855 συγκλητῳ,
932 784 1034 840 περὶ
1061 788 1150 828 τῶν
1185 786 1571 841 προςηγγελμένων

181 841 486 911 ἐβουλεύοντο.
523 843 597 886 καὶ
627 844 672 885 οἱ
698 842 778 910 μὲν
811 841 1026 912 φρονήσει
1055 842 1342 898 διαφέροντες
1372 843 1573 913 ἔφρασαν

183 902 275 944 δεῖν
311 914 455 942 παντα
498 904 641 942 ποιεῖν
680 916 733 941 τα
769 897 1142 969 προςταττόμενα
1189 901 1233 942 οί
1273 900 1318 942 δὲ
1358 915 1456 951 περι
1494 898 1573 941 τόν
1602 915 1658 960 35

183 954 442 1011 Λασθένην,
473 961 563 1006 τοῖς
592 955 857 1011 έγκλημασιν
878 955 998 1006 ὄντες
1021 955 1167 1012 ἔνοχοι
1194 956 1268 999 καὶ
1297 954 1574 1024 φοβούμενοι

183 1012 261 1083 μὴ
280 1011 636 1081 ἀναπεμφθέντες
685 1014 745 1064 εἰς
795 1029 876 1069 την
912 1011 1082 1068 Ρώμην
1115 1015 1327 1082 τιμωρίας
1375 1011 1577 1068 τύχωσιν,

185 1068 384 1113 α’νέσειον
419 1069 472 1112 τὰ
508 1068 654 1124 πλήθη
692 1073 1046 1123 παρακαλοῦντες
1074 1086 1155 1128 την
1183 1070 1226 1125 ἐξ
1253 1072 1415 1124 αἰωνος
1442 1085 1578 1125 παρα-

184 1127 424 1183 δεδομένην
452 1125 708 1181 ἐλευθερίαν
738 1125 1063 1184 διαφυλάττειν.

187 1261 248 1298 77.
279 1260 554 1308 τετρασκιὶλμον
589 1262 737 1307 Sumus,
768 1260 1016 1320 τετρασκοίλον
1047 1262 1116 1297 Mv
1279 1261 1383 1307 86,μ
1360 1257 1448 1308 μήτι
1469 1273 1583 1308 τιμω

190 1310 281 1355 ρίας
303 1309 463 1356 τύχωσιν
485 1310 636 1350 δομίᾱειε
774 1310 832 1348 88.
855 1307 924 1357 τήν
948 1308 1201 1346 om.Sui‹1as
1189 1320 1225 1345 m
1250 1309 1306 1346 ed.
1329 1310 1478 1345 Mediol-

1273 2883 1330 2925 12
