1968 3346
269 149 572 194 EXCERPTA
601 148 672 192 DE
702 149 852 193 VIRT.
882 150 959 192 ΕΤ
989 149 1400 232 v1'1{.L.XXX111.
1461 151 1545 194 135

248 261 349 305 ”Οτι
389 259 500 306 κατὰ
540 260 621 317 τήν
659 262 888 330 Αἴγυπτον
926 260 1005 304 τὸν
1040 264 1315 316 Πτολεμαῖον
1354 259 1428 304 διὰ
1458 258 1540 315 τήν

147 318 258 373 πρὸς
286 317 390 389 τρῦς
421 317 690 387 ἀρχομένους
727 316 930 372 ωμότητα
966 317 1039 361 καὶ
1068 320 1350 386 παρανομίαν
1379 315 1434 360 οὐ
1464 331 1535 386 με·
1566 322 1623 364 90

146 378 275 430 τρίως
305 375 446 444 ἐμίσει
468 373 518 417 τὸ
547 378 729 430 πλῆθος.
765 376 1042 443 παράλληλος
1070 372 1154 428 γὰρ
1188 372 1211 417 ὁ
1241 373 1404 418 τούτου
1434 371 1539 426 τρό-

80 444 232 482 595πος
261 431 372 487 πρὸς
400 429 479 474 τὸν
508 435 589 474 τοῦ
629 429 931 500 Φιλομήτορος
960 429 1269 500 θεωρούμενος
1300 429 1403 473 οὐδὲ
1434 428 1537 484 σύγ-

148 501 295 544 κρισιν
330 487 550 542 ἐπεδέχετο
589 485 662 530 διὰ
701 486 778 537 τὰς
814 485 918 556 παρ’
959 484 1225 542 ἀμφοτέροις
1271 485 1534 555 ὑπερβολάς,

148 550 230 589 τοῦ
259 561 338 614 μεν
367 544 607 593 ἐπιεικείας,
637 547 718 587 τοῦ
749 543 795 586 δὲ
826 541 1051 613 ωμότητος
1069 544 1142 586 καὶ
1165 545 1433 611 μιαιφονίας.
1464 540 1535 586 διὸ

146 618 202 644 τα
231 599 377 656 πλήθη
417 600 491 644 καὶ
529 599 638 654 πρὸς
677 598 923 665 μεταβολὴν
963 601 1133 651 οἰκείως
1170 599 1323 656 ἔχοντα
1352 598 1431 644 τὸν
1457 602 1535 654 τῆς
1563 599 1619 643 95

147 657 426 707 ἀποστάσεως
454 655 712 709 ἐκαραδόκει
741 654 910 712 καιρόν.

247 724 346 768 ’Ότι
376 724 656 792 Πτολεμαίου
683 740 791 767 κατα
826 723 908 781 τὴν
943 724 1134 793 Μέμφιν
1162 721 1534 793 ἐνθρονιζομένου

144 786 238 833 τοῖς
267 782 501 852 βασιλείοις
527 779 637 823 κατὰ
665 780 770 832 τούς
797 782 1052 837 Αἰγυπτίων
1079 778 1268 835 νόμους,
1309 785 1412 829 παῖς
1441 777 1534 834 ἐγέ-

144 855 244 883 νετο
284 838 332 882 ἐκ
371 841 447 893 τῆς
478 836 762 891 Κλεοπάτρας
798 842 860 896 τῷ
898 841 1070 893 βασιλε
1053 856 1080 881 ι.
1124 837 1277 907 ἡσθεὶς
1306 837 1352 906 δὲ
1383 838 1533 904 διαφε-
1565 838 1646 879 100

147 894 316 950 ρόντως
346 893 684 965 προςηγόρευσε
697 894 776 937 τὸν
804 897 942 938 παῖδα
971 896 1211 950 Μεμφίτην
1241 892 1326 937 οἷπό
1357 896 1443 962 τῆς
1457 890 1535 934 πό-

145 958 254 1002 λεως
281 950 388 995 καθ’
419 967 476 1007 ην
504 967 582 1001 τας
610 953 772 1002 θυσίας
803 952 1106 1001 ἐπιτελοῦντος
1135 949 1362 1006 ἐγεννήθη.
1415 947 1536 1004 α’γων

146 1009 194 1053 δὲ
234 1008 519 1078 azac6oy6vfm
583 1008 658 1050 καὶ
696 1012 750 1063 τῇ
793 1009 974 1063 συνήθει
1014 1009 1251 1076 μιαιφονία
1297 1004 1536 1063 χρώμενος,

141 1064 403 1118 προςέταξεν
433 1063 688 1108 ἀποκτεῖναι
715 1067 805 1107 τῶν
833 1067 1106 1120 Κυρηναίων
1134 1063 1238 1115 τούς
1267 1075 1536 1131 συγκαταγα-

142 1122 302 1178 γόντας
337 1122 417 1177 μὲν
456 1119 593 1165 αὐτὸν
626 1122 686 1171 εἰς
715 1138 796 1176 την
826 1124 1074 1176 Αἰγυπτον,
1112 1120 1460 1190 ἐγκαλουμένους
1489 1118 1536 1162 δε
1593 1121 1619 1164 5

140 1179 212 1223 ἐπί
240 1189 326 1222 τισι
356 1180 544 1229 δικαίαις
573 1178 836 1234 παῤῥησίαις
867 1178 940 1222 δια
969 1195 1049 1235 την
1077 1176 1305 1234 παλλακην
1322 1176 1534 1231 Εἰρήνην.

243 1258 342 1303 Ὀτι
372 1256 583 1314 Διήγ-υλις
619 1255 643 1300 ὁ
681 1274 771 1301 των
803 1261 991 1315 Θρακων
1029 1252 1234 1327 βασιλεῦς
1261 1253 1535 1311 παραλαβών

140 1314 223 1371 τήν
253 1316 499 1384 βασιλείαν,
530 1331 605 1357 και
634 1303 896 1368 παραδόξως
928 1313 1047 1385 αὐτῷ
1083 1332 1172 1357 των
1203 1313 1397 1384 αγαθων
1415 1312 1535 1367 ἐπιῤ-

142 1372 350 1444 ῥεόντων,
382 1369 531 1415 οὐκέτι
561 1388 650 1414 των
677 1371 1038 1441 ὑποτεταγμένων
1069 1370 1127 1422 ὥς
1158 1373 1301 1440 φίλων
1329 1369 1402 1414 καὶ
1427 1381 1530 1424 συμ-
1564 1373 1617 1414 10

139 1428 291 1486 μα’χων
315 1425 459 1485 ἦρχεν,
490 1427 586 1472 αλλ’
620 1426 678 1478 ὥς
691 1445 1031 1498 αργυρωνητων
1065 1426 1360 1482 ανδραπόδων
1369 1425 1416 1496 ἢ
1447 1441 1533 1468 πο-

141 1488 302 1555 λεμίων
342 1484 626 1556 αἰχμαλώτων
667 1483 794 1554 ω’μως
834 1486 1046 1538 ἐδέσποζε
1105 1483 1296 1536 πολλοὺς
1336 1497 1415 1538 μεν
1447 1499 1532 1538 γαρ

142 1541 307 1593 καλοὺς
335 1558 409 1585 και
440 1539 637 1595 ἀγαθους
667 1541 831 1595 ἄιδρας
866 1545 1058 1612 Θρακῶν
1083 1540 1226 1585 οἷνεῖλε
1256 1539 1343 1596 μετ’
1376 1542 1532 1591 αἰκίας,

143 1598 228 1643 οὐκ
257 1597 433 1654 ὀλίγους
463 1599 509 1642 δὲ
538 1597 686 1658 ὕβριζε
716 1599 788 1642 καὶ
823 1604 918 1649 ταῖς
955 1597 1173 1669 ἐσχάταις
1183 1599 1435 1652 παροινίαις
1456 1612 1534 1666 ‚ae-

143 1655 380 1725 ριέβαλλεν.
427 1653 482 1697 06
519 1654 618 1725 γὰρ
643 1659 701 1711 ήν
739 1655 793 1698 ου’
832 1653 1173 1723 γυναικός,οὐ
1213 1654 1372 1704 παιδός
1413 1651 1532 1723 αὐτῷ
1564 1655 1617 1699 15

142 1712 304 1763 κάλλος
334 1710 533 1763 ἄθικτον,
565 1709 619 1755 οὐ
647 1712 911 1783 κατασκευή
922 1711 1152 1768 κτημάτων
1174 1709 1412 1767 πολυτελὴς
1432 1726 1534 1752 ανα-

140 1771 364 1826 φαίρετος,
400 1766 509 1811 ἄλλα
538 1771 686 1812 πᾶσαν
716 1769 794 1825 τὴν
823 1767 911 1824 υφ’
942 1769 1102 1814 εαυτὸν
1132 1769 1391 1812 δυναστείαν
1412 1765 1534 1821 ἐπλή-

141 1843 227 1895 ρου
255 1825 542 1893 παρανομίας.
575 1823 757 1880 ἐπόρθει
787 1825 833 1869 δὲ
862 1826 935 1869 καὶ
964 1830 1054 1869 τῶν
1077 1824 1346 1896 Ελληνίδων
1363 1823 1534 1868 πόλεων

140 1899 219 1934 τας
247 1880 602 1952 πλησιοχώρους,
635 1883 709 1926 καὶ
737 1898 827 1925 των
860 1882 1166 1938 αλισκομένων
1194 1900 1273 1934 ους
1303 1883 1381 1937 μὲν
1410 1880 1535 1936 ὕβρι-

142 1943 234 1994 ζεν,
278 1938 356 1990 οὓς
385 1939 431 1982 δὲ
471 1940 635 1990 δειναῖς
670 1956 745 1983 και
763 1939 1161 2010 παρηλλαγμέναις
1191 1941 1352 1990 αἰκίαις
1386 1938 1532 1993 ἐτιμω-
1563 1943 1618 1984 20

140 2001 273 2051 ρεῖτο.
317 1994 553 2049 κυριεύσας
584 1996 630 2039 δὲ
659 1996 683 2040 ὁ
716 1994 849 2047 αὕτός
887 1997 1056 2048 πόλεως
1074 1998 1380 2068 'Avffluocxc'ocffi
1421 2010 1537 2038 τετα-

139 2053 300 2125 γμένης
326 2051 414 2096 ὑπὸ
444 2052 522 2096 τὸν
539 2050 774 2107 Ἀτταλον
806 2070 887 2122 την
917 2055 997 2106 μὲν
1025 2052 1155 2097 πόλιν
1184 2053 1416 2109 ἐνέπρησε,
1446 2055 1537 2095 τῶν

141 2108 184 2154 δ’
217 2108 499 2165 αἰχμαλώτων
528 2108 724 2162 ἐπιλέξας
761 2110 867 2160 τούς
898 2110 1269 2180 αξιολογωτάτους
1298 2112 1432 2160 ἰδίαις
1460 2108 1534 2151 καὶ

140 2167 518 2237 παρηλλαγμέναις
548 2164 639 2210 κατ’
671 2165 819 2211 αὐτων
848 2166 1058 2224 ἐχρήσατο
1089 2170 1326 2224 τιμωρίαις.
1360 2167 1533 2210 παίδων
1563 2165 1617 2209 25

138 2240 221 2280 μεν
249 2240 334 2279 γαρ
367 2223 630 2267 αποκόπτων
660 2229 805 2279 χεῖρας
833 2225 907 2268 καὶ
945 2225 1087 2275 πόδας
1115 2225 1189 2268 καὶ
1220 2223 1415 2294 κεφαλας
1445 2222 1536 2277 ἐξῆ-

140 2295 219 2323 πτε
247 2284 385 2323 ταῦτα
419 2279 594 2351 φέρειν
603 2285 695 2331 τοῖς
724 2297 815 2324 των
851 2281 1021 2336 γονέων
1059 2282 1315 2352 τραχήλοις,
1359 2279 1537 2349 ἀνδρων

141 2336 190 2380 δε
219 2337 292 2380 καὶ
304 2352 545 2408 γυναικων
575 2336 792 2391 ἑκατέρων
814 2337 1074 2407 διήλλαττεν
1097 2337 1363 2409 ἀμφοτέρων
1386 2335 1439 2380 τὰ
1469 2335 1538 2404 μέ-

142 2397 211 2448 λη,
245 2393 319 2436 καὶ
349 2392 469 2444 τινὰς
489 2410 569 2465 μεν
588 2392 906 2449 χειροκοπήσας
929 2396 1132 2449 διεμέλιζε
1152 2412 1205 2438 τα
1225 2395 1403 2451 σώματα
1425 2409 1535 2437 κατα

143 2449 291 2519 ῥάχιν,
332 2449 421 2493 ἔστι
459 2448 502 2493 δ’
542 2467 613 2494 οτε
652 2450 727 2494 καὶ
765 2467 842 2501 τας
882 2451 1100 2504 διακοπας
1145 2451 1215 2496 ἐπ’
1249 2452 1404 2507 ἄκραις
1441 2454 1536 2498 ταῖς
1565 2453 1620 2494 30

143 2505 318 2563 λόγχαις
347 2504 531 2563 φέρειν,
564 2524 624 2559 ως
659 2507 860 2563 Φάλαριν
891 2509 965 2552 καὶ
994 2509 1073 2555 τὸν
1101 2510 1431 2563 Κασσανδρέων
1463 2504 1537 2550 τύ

236 2631 317 2668 595,
339 2632 397 2668 94.
433 2632 498 2668 καὶ
529 2633 746 2668 commodius
777 2637 859 2679 post
893 2630 954 2669 διὸ
994 2641 1141 2678 ponetur
1281 2633 1338 2668 95.
1376 2630 1538 2668 οἷποστοὶ

144 2681 260 2724 fleme]
285 2677 617 2719 ἀποκαταστάσεως
640 2680 670 2713 V
809 2680 844 2714 ⁷.
870 2680 968 2723 ζήτει
992 2679 1031 2716 ἐν
1055 2681 1108 2726 τῷ
1130 2680 1214 2724 περὶ
1236 2679 1364 2726 γάμων
1388 2678 1424 2712 in
1449 2690 1542 2712 mm·—

143 2726 235 2781 gine
254 2726 400 2770 apponit
424 2726 456 2760 V
595 2726 654 2760 27.
678 2722 829 2769 ἄνδρων
856 2726 923 2769 δὲ]
955 2716 1108 2782 ἀνδρῶν
1131 2739 1169 2761 τε
1193 2727 1222 2760 V
1360 2724 1545 2769 ἑκατέρων

146 2790 192 2800 —--
211 2769 439 2818 ἀμφοτέρων
477 2771 556 2807 iure
585 2776 746 2816 suspecta
775 2773 1008 2819 Wesselingio
1145 2773 1204 2808 81.
1239 2770 1392 2818 φέρειν]
1428 2771 1547 2806 deesse
