1968 3346
606 219 1046 263 ADDENDA.
1437 228 1521 268 247

252 334 280 372 Ι.
310 333 721 373 IoannesLaurentius
743 333 791 372 de
812 334 990 385 magistr.
1016 335 1130 376 Rom.
1151 350 1193 388 p.
1215 338 1283 379 82.
1313 333 1522 404 Διόδωρος

139 391 239 442 γοῦν
267 390 312 431 ἐν
329 391 493 446 δευτέρα
521 392 808 457 Βιβλιοθηκῶν
840 403 941 443 φησι
964 388 1128 432 Σόλωνα
1151 392 1196 433 ἐν
1208 390 1420 463 Αἰγύπτῳ
1447 410 1523 446 μα·-

137 443 269 487 ’θόντα
287 444 417 499 νόμον
434 444 670 498 Ἀθηναίοις
686 443 844 500 γράψαι
862 450 1046 488 τοιοῦτον
1067 444 1163 497 ω’ςτε
1182 448 1240 497 εἰς
1257 454 1360 502 τρεῖς
1382 451 1523 502 μοίρας

138 501 213 554 τὴν
232 505 435 545 πολιτείαν
456 499 748 552 διατάττεσθαι,
768 503 826 551 εἰς
847 499 1100 556 εὐπατρίδας,
1119 506 1161 545 οἰ
1173 504 1270 573 περὶ
1290 507 1439 556 σοφίαν
1456 507 1524 547 καὶ

139 557 286 614 λόγους
310 558 529 613 ἐσχόλαζον,
553 558 740 626 δευτέραν
763 557 806 599 δὲ
828 576 903 612 την
928 576 1149 628 γεωργικην
1168 577 1252 614 αμα
1281 562 1349 602 καὶ
1367 561 1526 631 πρόμα-

140 633 234 669 χον,
264 618 401 670 τρίτην
428 614 518 673 τήν
528 612 737 668 βάναυσον
764 616 833 656 καὶ
852 614 1111 670 τεχνουργόν,
1141 633 1216 671 την
1244 617 1286 659 δὲ
1307 633 1404 670 μετα
1431 616 1526 659 ταύ-

140 690 211 722 τας
239 672 395 727 ἄτιμον,
426 673 468 722 ἐξ
492 674 542 724 ῆς
571 673 612 713 οἵ
638 673 768 723 δῆθεν
795 673 1024 726 χρειωδέστε
1008 690 1090 726 εροι
1115 673 1158 715 ἐν
1181 678 1266 723 τοῖς
1294 679 1527 728 γεωργικοῖς

141 728 225 783 ἅμα
245 729 314 771 καὶ
340 730 524 783 μαχίμοις
544 725 817 794 προςήδρευον
842 727 1097 778 δουλεύοντες
1127 727 1264 778 αυτοῖς
1289 730 1358 771 καὶ
1382 730 1428 772 τό
1451 747 1527 772 πο-

137 791 275 840 λεμεῖν
295 786 363 826 καὶ
382 790 569 840 γεωργεῖν
597 781 809 836 διδασκόμ
798 800 888 826 νοι.
947 786 1059 834 Quae
1079 787 1168 836 ille,
1199 787 1278 824 nisi
1310 787 1428 839 plane
1453 802 1527 826 so-

117 843 330 892 ‘mniavit‚
362 854 412 880 ex
443 843 546 880 libro
579 855 624 879 eo
655 855 732 893 quo
762 842 810 879 de
836 842 979 881 Solone
1000 843 1139 894 agebat
1164 844 1382 890 Diodorus,
1414 857 1526 882 sum—-

141 900 268 954 pserit
284 913 448 938 necesse
468 906 537 937 est.
565 899 664 936 Nam
683 898 858 936 secundo
870 911 919 937 ne
938 900 1087 937 mentio
1106 900 1266 951 quidem
1283 901 1330 939 fit
1343 900 1525 938 Solonis:

142 958 273 1011 primo
301 963 433 994 autem
463 968 562 1007 quae
596 955 644 992 de
675 955 760 992 eius
787 955 1010 994 imitatione
1042 956 1322 995 institutorum
1353 956 1527 1008 Aegypti

144 1015 335 1053 dicuntur
380 1013 436 1050 ita
480 1011 705 1050 diffluxisse
751 1012 1010 1050 Laurentium
1056 1027 1140 1051 non
1184 1013 1281 1052 licet
1335 1013 1527 1051 contendi

145 1070 337 1122 quamdiu
361 1068 520 1107 Solonis
544 1067 710 1106 historia
741 1068 894 1120 qualem
921 1082 992 1108 suo
1024 1069 1116 1108 loco
1146 1071 1308 1123 scripsit
1328 1070 1528 1109 Diodorus

143 1141 227 1166 non
248 1127 414 1165 inventa
439 1131 510 1163 est.

257 1183 306 1222 ΙΙ.
344 1182 504 1220 Scholia
534 1181 579 1219 in
611 1179 817 1218 Strabonis
847 1181 935 1219 cod.
963 1181 1086 1220 Paris.
1116 1185 1241 1225 1397.
1276 1183 1338 1222 ed.
1363 1183 1528 1222 Falcon.

142 1240 224 1279 vol
237 1239 265 1277 Ι.
287 1254 325 1291 p·
336 1242 432 1280 390
460 1234 670 1285 Διόδωρος
692 1253 712 1277 ο
725 1236 927 1303 ἱστορικὸς
945 1236 1179 1308 τετραπολίν
1198 1251 1299 1291 φησι
1318 1237 1531 1292 Συρακού-

145 1309 218 1344 σας
241 1295 283 1336 ἒν
305 1292 366 1343 οἷς
390 1292 585 1347 αφομοιοῖ
608 1289 824 1360 Ἀντιόχεια
842 1292 968 1346 αὐτην
993 1295 1035 1348 (1.
1053 1291 1295 1359 Ἀντιόχειαν
1311 1294 1404 1351 τήν)
1428 1312 1532 1351 προς

75 1375 81 1379 ¹
144 1356 204 1407 τῷ
227 1347 391 1416 Ὀρέντῃ
420 1356 505 1399 ταῖς
532 1346 827 1404 Συρακούσαις.
897 1352 1007 1398 Quae
1031 1352 1233 1404 pertineie
1263 1353 1454 1392 videntur
1481 1354 1531 1391 ad

143 1408 416 1448 narrationem
449 1407 667 1445 obsidionis
697 1407 890 1445 Marcelli.
956 1409 1012 1446 De
1049 1409 1179 1447 forma
1210 1409 1363 1448 novitia
1398 1406 1530 1462 Ὀρέν-

143 1480 215 1518 της
261 1480 335 1517 pro
372 1461 563 1518 Ὀρόντης
601 1463 689 1502 dixi
723 1464 982 1502 annotatione
1023 1465 1075 1503 ad
1113 1465 1297 1504 Ioannem
1345 1466 1531 1505 Malalam

142 1537 187 1575 p
209 1525 304 1565 266.
330 1527 369 1560 et
393 1524 488 1564 798

256 1578 326 1617 III.
356 1576 523 1615 Diodori
545 1577 806 1626 fragmentum
830 1576 996 1628 putabat
1015 1577 1297 1630 lVesselingius
1319 1578 1370 1617 ad
1390 1579 1475 1617 vol.
1498 1577 1531 1617 Ι.

144 1649 183 1687 p
201 1634 299 1677 404.
322 1635 390 1676 58.
421 1647 519 1686 quae
541 1633 683 1670 Suidas
715 1646 755 1671 v.
785 1633 1052 1684 μεσολαβηθε
1024 1650 1080 1681 εις
1105 1635 1242 1685 ponit:
1275 1651 1347 1676 τον
1370 1634 1413 1675 δὲ
1438 1631 1534 1675 υἷον

147 1691 322 1740 ε’πεισεν,
355 1691 390 1731 εἰ
418 1688 529 1742 τύχοι
560 1689 824 1742 μεσο).ε“αβ1]θ
816 1705 852 1737 ις
880 1685 999 1737 αὐτος
1027 1689 1111 1731 ’ὑπο
1144 1694 1218 1744 τῆς
1254 1691 1533 1746 πεπρωμένης,

145 1747 362 1800 ἐξενεγκεῖν
388 1745 453 1788 τὸν
483 1762 583 1786 κατα
609 1745 809 1797 Ρωμαίων
837 1740 1028 1797 πόλεμον.

260 1804 386 1842 Praef.
420 1804 551 1855 p.111.
580 1817 617 1840 v.
668 1816 856 1840 ,5111511111
879 1804 997 1854 quas]
1030 1803 1056 1839 l.
1079 1817 1193 1854 (succe.
1220 1823 1277 1831 —
1305 1805 1347 1842 P.
1371 1803 1438 1841 IV.
1470 1801 1535 1841 Ad

146 1861 346 1911 Excerpta
365 1860 619 1910 Legationum
648 1858 890 1897 Niebuhrius
920 1860 1071 1909 Proleg.
1102 1860 1153 1896 ad
1172 1860 1423 1911 Scriptorum
1453 1859 1536 1897 Hi-

148 1917 294 1956 storiae
330 1917 495 1968 Byzant.
522 1917 605 1954 vol.
634 1915 665 1954 I.
694 1930 733 1966 p.
761 1916 929 1954 XXXV.
965 1915 1121 1953 monuit
1144 1917 1298 1966 eclogas
1324 1916 1367 1953 in
1399 1915 1538 1954 codice

147 1974 375 2012 Monacensi
397 1973 559 2011 omissas
579 1985 661 2010 non
680 1979 826 2009 temere
839 1972 873 2009 ei
888 1973 1094 2021 excidisse,
1108 1973 1176 2010 sed
1198 1986 1279 2010 esse
1299 1973 1420 2011 huius
1440 1972 1536 2010 libri

151 2030 255 2068 hanc
277 2030 470 2068 rationem
495 2036 538 2067 ut
562 2029 664 2067 solas
692 2029 907 2079 legationes
935 2029 984 2066 ad
1008 2030 1206 2066 Romanos
1230 2030 1368 2067 missas
1391 2035 1536 2078 teneat,

151 2087 309 2125 omittat
327 2087 464 2124 missas
490 2100 509 2122 a
530 2085 727 2123 Romanis.
787 2086 863 2123 Sed
881 2091 1014 2122 tamen
1027 2086 1224 2137 Excerpta
1244 2099 1265 2123 e
1287 2087 1464 2124 Diodoro
1493 2092 1540 2123 ut
1579 2085 1582 2088 ’

151 2144 194 2181 111
213 2150 380 2194 utroque
403 2143 539 2180 codice
551 2142 699 2179 habent
719 2142 932 2192 legationes
953 2156 1081 2193 neque
1099 2157 1118 2178 a
1133 2143 1320 2181 Romanis
1341 2155 1469 2193 neque
1488 2141 1540 2179 ad

153 2201 351 2238 Romanos
384 2199 546 2248 missas,
576 2200 689 2237 velut
722 2199 797 2238 ecl.
818 2199 869 2238 ΙΙ.
891 2198 997 2237 XIII.
1023 2199 1185 2248 XXIX„
1209 2200 1264 2237 ita
1295 2198 1540 2245 Monacensi,

155 2256 335 2306 quamvis
365 2256 517 2294 carenti
547 2256 751 2293 nonnullis
789 2270 825 2294 a,
843 2256 1030 2293 Romanis
1061 2255 1211 2303 missis,
1242 2256 1382 2294 insunt
1406 2265 1540 2293 tamen

154 2313 401 2350 narrationes
423 2313 470 2350 (16
491 2314 560 2350 Cn.
582 2311 722 2350 Manlii
744 2311 794 2348 ad
817 2311 1062 2350 Antiochum
1086 2312 1158 2350 ecl.
1180 2313 1294 2362 XII.,
1324 2313 1371 2351 de
1389 2313 1541 2350 Roma·-

153 2382 295 2406 norum
325 2369 374 2405 ad
400 2368 575 2406 Achaeos
599 2370 671 2407 ecl.
701 2368 811 2405 XIII.
845 2375 884 2406 et
911 2369 960 2406 ad
987 2369 1256 2407 Ptolemaeum
1277 2368 1541 2420 legationibus

154 2426 229 2465 ecl.
261 2425 432 2464 XXXII.
476 2447 531 2454 —-
580 2424 746 2475 Eclogas
781 2424 1091 2463 Hoeschelianas
1126 2425 1203 2464 iam
1238 2426 1337 2464 mihi
1370 2439 1543 2476 persua-

155 2495 245 2520 sum
281 2488 340 2519 est
369 2481 469 2519 nihil
499 2495 589 2519 cum
623 2495 741 2532 opere
770 2481 1100 2520 constaminiano
1131 2496 1340 2520 commune
1369 2481 1542 2520 habuis-

156 2551 219 2587 se,
253 2538 323 2576 sed
343 2537 630 2588 comparandas
650 2551 731 2575 esse
750 2538 979 2589 Polybianis
1000 2539 1107 2587 apud
1119 2539 1541 2590 Schweighaeuserum

154 2595 281 2647 praef.
310 2595 391 2632 vol.
415 2595 463 2632 II.
494 2609 533 2645 p.
553 2594 622 2633 IV.
647 2617 698 2622 ——
719 2594 826 2631 XIV.
849 2617 906 2623 —
934 2609 976 2646 p.
996 2596 1061 2636 VI.
1084 2609 1120 2633 v.
1143 2600 1211 2638 20.
1267 2596 1319 2633 Iis
1349 2608 1449 2645 quae
1479 2594 1542 2631 di-

155 2651 288 2689 ximus
313 2651 406 2688 addi
430 2657 560 2702 potest
582 2650 690 2701 quod.
716 2651 802 2702 ipse
823 2651 939 2689 locus
963 2665 1080 2702 quem
1105 2651 1318 2690 Alexandri
1338 2652 1456 2689 rebus
1478 2664 1544 2687 as—

156 2708 283 2758 signat
303 2707 467 2745 Photius
486 2707 720 2745 incredibile
739 2707 834 2745 facit
853 2708 1021 2746 eundem
1039 2708 1184 2747 librum
1203 2708 1370 2746 XXXII.
1393 2714 1455 2745 tot
1473 2721 1544 2744 an-

157 2764 219 2802 nis
239 2764 396 2817 longius
411 2765 656 2817 productum
681 2777 765 2803 esse
788 2771 887 2816 quot
907 2771 1081 2817 poscunt
1099 2772 1277 2804 extrema
1298 2764 1484 2807 Viriathi.
