<?xml version="1.0" encoding="UTF-8"?>
<!DOCTYPE html PUBLIC "-//W3C//DTD XHTML 1.0 Transitional//EN"
    "http://www.w3.org/TR/xhtml1/DTD/xhtml1-transitional.dtd">
<html xmlns="http://www.w3.org/1999/xhtml" xml:lang="en" lang="en">
 <head>
  <title>
</title>
<meta http-equiv="Content-Type" content="text/html;charset=utf-8" />
  <meta name='ocr-system' content='tesseract 3.04.00' />
  <meta name='ocr-capabilities' content='ocr_page ocr_carea ocr_par ocr_line ocrx_word'/>
</head>
<body>
  <div class='ocr_page' id='page_1' title='image "./p2bibliothecahisto02dioduoft_0127.png"; bbox 0 0 1968 3346; ppageno 0'>
   <div class='ocr_carea' id='block_1_1' title="bbox 154 164 1536 212">
    <p class='ocr_par' dir='ltr' id='par_1_1' title="bbox 154 164 1536 212">
     <span class='ocr_line' id='line_1_1' title="bbox 154 164 1536 212; baseline -0.001 0"><span class='ocrx_word' id='word_1_1' title='bbox 154 167 454 212; x_wconf 82' lang='lat' dir='ltr'><strong>EXCERPTA</strong></span> <span class='ocrx_word' id='word_1_2' title='bbox 481 166 553 208; x_wconf 88' lang='lat' dir='ltr'><strong><em>DE</em></strong></span> <span class='ocrx_word' id='word_1_3' title='bbox 583 164 735 208; x_wconf 83' lang='lat' dir='ltr'>VIRT.</span> <span class='ocrx_word' id='word_1_4' title='bbox 763 165 839 207; x_wconf 85' lang='lat' dir='ltr'><strong><em>ET</em></strong></span> <span class='ocrx_word' id='word_1_5' title='bbox 862 164 974 207; x_wconf 90' lang='lat' dir='ltr'>VIT.</span> <span class='ocrx_word' id='word_1_6' title='bbox 994 165 1042 206; x_wconf 89' lang='lat' dir='ltr'><strong><em>L.</em></strong></span> <span class='ocrx_word' id='word_1_7' title='bbox 1061 164 1422 207; x_wconf 85' lang='lat' dir='ltr'>XXVI.—-XXX.</span> <span class='ocrx_word' id='word_1_8' title='bbox 1452 169 1536 209; x_wconf 79' lang='lat'><strong><em>109</em></strong></span> 
     </span>
    </p>
   </div>
   <div class='ocr_carea' id='block_1_2' title="bbox 85 271 1650 2717">
    <p class='ocr_par' dir='ltr' id='par_1_2' title="bbox 85 271 1650 1352">
     <span class='ocr_line' id='line_1_2' title="bbox 85 271 1650 346; baseline -0.003 -23"><span class='ocrx_word' id='word_1_9' title='bbox 85 287 154 323; x_wconf 85' lang='lat'><strong><em>573</em></strong></span> <span class='ocrx_word' id='word_1_10' title='bbox 253 277 355 323; x_wconf 75' lang='grc' dir='ltr'><strong><em>’Ὅτι</em></strong></span> <span class='ocrx_word' id='word_1_11' title='bbox 383 277 602 327; x_wconf 88' lang='grc' dir='ltr'><strong><em>Φίλιππος</em></strong></span> <span class='ocrx_word' id='word_1_12' title='bbox 631 272 656 318; x_wconf 88' lang='lat'><strong><em>6</em></strong></span> <span class='ocrx_word' id='word_1_13' title='bbox 683 291 773 319; x_wconf 90' lang='grc' dir='ltr'><strong><em>των</em></strong></span> <span class='ocrx_word' id='word_1_14' title='bbox 790 271 1066 345; x_wconf 85' lang='grc' dir='ltr'><strong><em>Μακεδόνων</em></strong></span> <span class='ocrx_word' id='word_1_15' title='bbox 1086 272 1291 344; x_wconf 59' lang='grc' dir='ltr'><strong><em>βασιλεύς</em></strong></span> <span class='ocrx_word' id='word_1_16' title='bbox 1309 274 1440 331; x_wconf 85' lang='grc' dir='ltr'><strong><em>χωρις</em></strong></span> <span class='ocrx_word' id='word_1_17' title='bbox 1445 278 1535 346; x_wconf 83' lang='grc' dir='ltr'><strong><em>τῆς</em></strong></span> <span class='ocrx_word' id='word_1_18' title='bbox 1567 285 1650 327; x_wconf 84' lang='grc'><strong><em>100</em></strong></span> 
     </span>
     <span class='ocr_line' id='line_1_3' title="bbox 153 329 1536 402; baseline -0.003 -22"><span class='ocrx_word' id='word_1_19' title='bbox 153 337 402 387; x_wconf 78' lang='grc' dir='ltr'><strong><em>πλεονεξίας</em></strong></span> <span class='ocrx_word' id='word_1_20' title='bbox 431 334 570 385; x_wconf 82' lang='grc' dir='ltr'><strong><em>οὕτως</em></strong></span> <span class='ocrx_word' id='word_1_21' title='bbox 598 331 882 402; x_wconf 79' lang='grc' dir='ltr'><strong><em>ὑπερήφανος</em></strong></span> <span class='ocrx_word' id='word_1_22' title='bbox 910 332 966 386; x_wconf 84' lang='grc' dir='ltr'><strong><em>ἠν</em></strong></span> <span class='ocrx_word' id='word_1_23' title='bbox 996 331 1043 373; x_wconf 84' lang='grc' dir='ltr'><strong><em>ἐν</em></strong></span> <span class='ocrx_word' id='word_1_24' title='bbox 1071 335 1167 382; x_wconf 86' lang='grc' dir='ltr'><strong><em>ταῖς</em></strong></span> <span class='ocrx_word' id='word_1_25' title='bbox 1195 329 1410 400; x_wconf 86' lang='grc' dir='ltr'><strong><em>ευτυχίαις</em></strong></span> <span class='ocrx_word' id='word_1_26' title='bbox 1432 332 1536 383; x_wconf 86' lang='grc' dir='ltr'><strong><em>ω’ςτε</em></strong></span> 
     </span>
     <span class='ocr_line' id='line_1_4' title="bbox 152 386 1537 447; baseline -0.002 -11"><span class='ocrx_word' id='word_1_27' title='bbox 152 393 258 443; x_wconf 82' lang='grc' dir='ltr'><strong><em>τούς</em></strong></span> <span class='ocrx_word' id='word_1_28' title='bbox 287 392 367 447; x_wconf 81' lang='grc' dir='ltr'><strong><em>μὲν</em></strong></span> <span class='ocrx_word' id='word_1_29' title='bbox 396 393 557 447; x_wconf 88' lang='grc' dir='ltr'><strong><em>φίλους</em></strong></span> <span class='ocrx_word' id='word_1_30' title='bbox 595 388 782 442; x_wconf 72' lang='grc' dir='ltr'><strong><em>ἀκρίτως</em></strong></span> <span class='ocrx_word' id='word_1_31' title='bbox 823 386 1099 441; x_wconf 76' lang='grc' dir='ltr'><em>ἀποσφάξαι,</em></span> <span class='ocrx_word' id='word_1_32' title='bbox 1146 387 1252 438; x_wconf 82' lang='grc' dir='ltr'><strong><em>τοὺς</em></strong></span> <span class='ocrx_word' id='word_1_33' title='bbox 1291 389 1337 432; x_wconf 79' lang='grc' dir='ltr'><strong><em>δὲ</em></strong></span> <span class='ocrx_word' id='word_1_34' title='bbox 1365 388 1537 445; x_wconf 78' lang='grc' dir='ltr'><em>τάφους</em></span> 
     </span>
     <span class='ocr_line' id='line_1_5' title="bbox 151 443 1537 520; baseline -0.002 -27"><span class='ocrx_word' id='word_1_35' title='bbox 151 453 242 492; x_wconf 84' lang='grc' dir='ltr'><strong><em>τῶν</em></strong></span> <span class='ocrx_word' id='word_1_36' title='bbox 269 447 722 520; x_wconf 85' lang='grc' dir='ltr'><strong><em>προτετελευτηκότων</em></strong></span> <span class='ocrx_word' id='word_1_37' title='bbox 753 445 828 488; x_wconf 87' lang='grc' dir='ltr'><strong><em>καὶ</em></strong></span> <span class='ocrx_word' id='word_1_38' title='bbox 865 443 1005 488; x_wconf 81' lang='grc' dir='ltr'><strong><em>πολλὰ</em></strong></span> <span class='ocrx_word' id='word_1_39' title='bbox 1040 447 1130 486; x_wconf 75' lang='grc' dir='ltr'><strong><em>τῶν</em></strong></span> <span class='ocrx_word' id='word_1_40' title='bbox 1159 446 1291 514; x_wconf 84' lang='grc' dir='ltr'><strong><em>ἱερων</em></strong></span> <span class='ocrx_word' id='word_1_41' title='bbox 1318 446 1537 490; x_wconf 83' lang='grc' dir='ltr'><strong><em>κατασκά-</em></strong></span> 
     </span>
     <span class='ocr_line' id='line_1_6' title="bbox 151 499 1621 569; baseline -0.002 -20"><span class='ocrx_word' id='word_1_42' title='bbox 151 521 288 549; x_wconf 85' lang='grc' dir='ltr'><strong><em>πτειν.</em></strong></span> <span class='ocrx_word' id='word_1_43' title='bbox 340 504 555 558; x_wconf 84' lang='grc' dir='ltr'><strong><em>Ἀντίοχος</em></strong></span> <span class='ocrx_word' id='word_1_44' title='bbox 584 501 631 544; x_wconf 78' lang='grc' dir='ltr'><strong><em>δὲ</em></strong></span> <span class='ocrx_word' id='word_1_45' title='bbox 658 501 708 545; x_wconf 89' lang='grc' dir='ltr'><strong><em>τὸ</em></strong></span> <span class='ocrx_word' id='word_1_46' title='bbox 737 500 849 545; x_wconf 72' lang='grc' dir='ltr'><strong><em>κατα</em></strong></span> <span class='ocrx_word' id='word_1_47' title='bbox 878 500 959 556; x_wconf 78' lang='grc' dir='ltr'><strong><em>τήν</em></strong></span> <span class='ocrx_word' id='word_1_48' title='bbox 980 499 1219 569; x_wconf 83' lang='grc' dir='ltr'><strong><em>Ελυμαΐδα</em></strong></span> <span class='ocrx_word' id='word_1_49' title='bbox 1248 500 1425 556; x_wconf 91' lang='grc' dir='ltr'><strong><em>τέμενος</em></strong></span> <span class='ocrx_word' id='word_1_50' title='bbox 1453 508 1536 546; x_wconf 82' lang='grc' dir='ltr'><strong><em>τοῦ</em></strong></span> <span class='ocrx_word' id='word_1_51' title='bbox 1594 509 1621 552; x_wconf 88' lang='lat'><em>5</em></span> 
     </span>
     <span class='ocr_line' id='line_1_7' title="bbox 150 555 1537 628; baseline -0.003 -22"><span class='ocrx_word' id='word_1_52' title='bbox 150 561 262 613; x_wconf 87' lang='grc' dir='ltr'><strong><em>Διὸς</em></strong></span> <span class='ocrx_word' id='word_1_53' title='bbox 301 565 439 605; x_wconf 78' lang='grc' dir='ltr'><strong><em>συλᾶν</em></strong></span> <span class='ocrx_word' id='word_1_54' title='bbox 478 555 791 628; x_wconf 80' lang='grc' dir='ltr'><strong><em>ἐπιβαλόμενος</em></strong></span> <span class='ocrx_word' id='word_1_55' title='bbox 830 558 1086 612; x_wconf 88' lang='grc' dir='ltr'><strong><em>πρέπουσαν</em></strong></span> <span class='ocrx_word' id='word_1_56' title='bbox 1115 556 1195 612; x_wconf 82' lang='grc' dir='ltr'><strong><em>τὴν</em></strong></span> <span class='ocrx_word' id='word_1_57' title='bbox 1222 559 1537 627; x_wconf 81' lang='grc' dir='ltr'><strong><em>καταστροφὴν</em></strong></span> 
     </span>
     <span class='ocr_line' id='line_1_8' title="bbox 151 612 1537 685; baseline -0.003 -23"><span class='ocrx_word' id='word_1_58' title='bbox 151 621 252 673; x_wconf 85' lang='grc' dir='ltr'><strong><em>εὐρε</em></strong></span> <span class='ocrx_word' id='word_1_59' title='bbox 278 622 358 661; x_wconf 82' lang='grc' dir='ltr'><strong><em>τοῦ</em></strong></span> <span class='ocrx_word' id='word_1_60' title='bbox 388 618 516 685; x_wconf 81' lang='grc' dir='ltr'><strong><em>βίου,</em></strong></span> <span class='ocrx_word' id='word_1_61' title='bbox 538 616 670 684; x_wconf 81' lang='grc' dir='ltr'><strong><em>μετα</em></strong></span> <span class='ocrx_word' id='word_1_62' title='bbox 706 614 850 669; x_wconf 81' lang='grc' dir='ltr'><em>πάσης</em></span> <span class='ocrx_word' id='word_1_63' title='bbox 888 618 964 669; x_wconf 86' lang='grc' dir='ltr'><strong><em>τῆς</em></strong></span> <span class='ocrx_word' id='word_1_64' title='bbox 993 612 1220 684; x_wconf 84' lang='grc' dir='ltr'><strong><em>δυναμεως</em></strong></span> <span class='ocrx_word' id='word_1_65' title='bbox 1249 613 1537 683; x_wconf 88' lang='grc' dir='ltr'><strong><em>απολόμενος.</em></strong></span> 
     </span>
     <span class='ocr_line' id='line_1_9' title="bbox 151 668 1538 731; baseline -0.002 -13"><span class='ocrx_word' id='word_1_66' title='bbox 151 674 394 731; x_wconf 67' lang='grc' dir='ltr'><strong><em>ἀμφότεροι</em></strong></span> <span class='ocrx_word' id='word_1_67' title='bbox 423 672 470 716; x_wconf 80' lang='grc' dir='ltr'><strong><em>δὲ</em></strong></span> <span class='ocrx_word' id='word_1_68' title='bbox 498 670 576 722; x_wconf 81' lang='grc' dir='ltr'><strong><em>τὰς</em></strong></span> <span class='ocrx_word' id='word_1_69' title='bbox 617 669 766 714; x_wconf 74' lang='grc' dir='ltr'><strong><em>αὐτῶν</em></strong></span> <span class='ocrx_word' id='word_1_70' title='bbox 806 670 1013 725; x_wconf 83' lang='grc' dir='ltr'><strong><em>δυνάμεις</em></strong></span> <span class='ocrx_word' id='word_1_71' title='bbox 1055 668 1386 722; x_wconf 82' lang='grc' dir='ltr'><strong><em>ανυποστάτους</em></strong></span> <span class='ocrx_word' id='word_1_72' title='bbox 1424 677 1538 715; x_wconf 83' lang='grc' dir='ltr'><strong><em>εἰναι</em></strong></span> 
     </span>
     <span class='ocr_line' id='line_1_10' title="bbox 150 727 1540 799; baseline -0.003 -24"><span class='ocrx_word' id='word_1_73' title='bbox 150 733 406 799; x_wconf 89' lang='grc' dir='ltr'><strong><em>νομίσαντες</em></strong></span> <span class='ocrx_word' id='word_1_74' title='bbox 468 732 546 786; x_wconf 78' lang='grc' dir='ltr'><strong><em>μιᾷ</em></strong></span> <span class='ocrx_word' id='word_1_75' title='bbox 607 728 843 782; x_wconf 76' lang='grc' dir='ltr'><strong><em>παρατάξει</em></strong></span> <span class='ocrx_word' id='word_1_76' title='bbox 901 727 1334 799; x_wconf 80' lang='grc' dir='ltr'><strong><em>συνηναγκάσθησαν</em></strong></span> <span class='ocrx_word' id='word_1_77' title='bbox 1378 727 1540 782; x_wconf 77' lang='grc' dir='ltr'><strong><em>ἑτέροις</em></strong></span> 
     </span>
     <span class='ocr_line' id='line_1_11' title="bbox 149 783 1621 840; baseline -0.002 -10"><span class='ocrx_word' id='word_1_78' title='bbox 149 792 292 831; x_wconf 85' lang='grc' dir='ltr'><strong><em>ποιεῖν</em></strong></span> <span class='ocrx_word' id='word_1_79' title='bbox 320 786 370 829; x_wconf 77' lang='grc' dir='ltr'><strong><em>τό</em></strong></span> <span class='ocrx_word' id='word_1_80' title='bbox 399 784 787 840; x_wconf 88' lang='grc' dir='ltr'><strong><em>προςταττόμενον.</em></strong></span> <span class='ocrx_word' id='word_1_81' title='bbox 830 783 899 828; x_wconf 85' lang='grc' dir='ltr'><strong><em>διὸ</em></strong></span> <span class='ocrx_word' id='word_1_82' title='bbox 928 785 1003 827; x_wconf 84' lang='grc' dir='ltr'><strong><em>καὶ</em></strong></span> <span class='ocrx_word' id='word_1_83' title='bbox 1030 788 1106 839; x_wconf 80' lang='grc' dir='ltr'><strong><em>τῆς</em></strong></span> <span class='ocrx_word' id='word_1_84' title='bbox 1135 801 1213 837; x_wconf 86' lang='grc' dir='ltr'><strong><em>μεν</em></strong></span> <span class='ocrx_word' id='word_1_85' title='bbox 1241 800 1340 839; x_wconf 91' lang='grc' dir='ltr'><strong><em>περι</em></strong></span> <span class='ocrx_word' id='word_1_86' title='bbox 1371 783 1534 835; x_wconf 79' lang='grc' dir='ltr'><strong><em>αὐτούς</em></strong></span> <span class='ocrx_word' id='word_1_87' title='bbox 1568 798 1621 838; x_wconf 79' lang='lat'><strong><em>10</em></strong></span> 
     </span>
     <span class='ocr_line' id='line_1_12' title="bbox 147 840 1535 909; baseline -0.001 -23"><span class='ocrx_word' id='word_1_88' title='bbox 147 842 382 899; x_wconf 76' lang='grc' dir='ltr'><strong><em>γενομένης</em></strong></span> <span class='ocrx_word' id='word_1_89' title='bbox 413 841 589 896; x_wconf 80' lang='grc' dir='ltr'><strong><em>ἀτυχίας</em></strong></span> <span class='ocrx_word' id='word_1_90' title='bbox 618 841 695 893; x_wconf 77' lang='grc' dir='ltr'><strong><em>τὰς</em></strong></span> <span class='ocrx_word' id='word_1_91' title='bbox 734 843 847 892; x_wconf 86' lang='grc' dir='ltr'><strong><em>ἰδίας</em></strong></span> <span class='ocrx_word' id='word_1_92' title='bbox 876 840 1090 909; x_wconf 82' lang='grc' dir='ltr'><strong><em>ἁμαρτίας</em></strong></span> <span class='ocrx_word' id='word_1_93' title='bbox 1118 840 1329 901; x_wconf 78' lang='grc' dir='ltr'><strong><em>ἥτιωντο,</em></strong></span> <span class='ocrx_word' id='word_1_94' title='bbox 1372 846 1462 885; x_wconf 76' lang='grc' dir='ltr'><strong><em>τῶν</em></strong></span> <span class='ocrx_word' id='word_1_95' title='bbox 1489 844 1535 884; x_wconf 82' lang='grc' dir='ltr'><strong><em>δὲ</em></strong></span> 
     </span>
     <span class='ocr_line' id='line_1_13' title="bbox 147 895 1533 970; baseline -0.002 -27"><span class='ocrx_word' id='word_1_96' title='bbox 147 897 521 970; x_wconf 74' lang='grc' dir='ltr'><strong><em>συγχωρηθέντων</em></strong></span> <span class='ocrx_word' id='word_1_97' title='bbox 549 895 881 954; x_wconf 75' lang='grc' dir='ltr'><strong><em>φιλανθρώπων</em></strong></span> <span class='ocrx_word' id='word_1_98' title='bbox 910 914 987 948; x_wconf 90' lang='grc' dir='ltr'><strong><em>τας</em></strong></span> <span class='ocrx_word' id='word_1_99' title='bbox 1015 897 1193 952; x_wconf 79' lang='grc' dir='ltr'><strong><em>χάριτας</em></strong></span> <span class='ocrx_word' id='word_1_100' title='bbox 1222 902 1340 953; x_wconf 81' lang='grc' dir='ltr'><strong><em>εἰχον</em></strong></span> <span class='ocrx_word' id='word_1_101' title='bbox 1365 903 1457 949; x_wconf 89' lang='grc' dir='ltr'><strong><em>τοῖς</em></strong></span> <span class='ocrx_word' id='word_1_102' title='bbox 1485 898 1533 940; x_wconf 83' lang='grc' dir='ltr'><strong><em>ἐν</em></strong></span> 
     </span>
     <span class='ocr_line' id='line_1_14' title="bbox 145 954 1534 1026; baseline -0.001 -26"><span class='ocrx_word' id='word_1_103' title='bbox 145 961 206 1015; x_wconf 77' lang='grc' dir='ltr'><strong><em>τῷ</em></strong></span> <span class='ocrx_word' id='word_1_104' title='bbox 237 961 413 1026; x_wconf 80' lang='grc' dir='ltr'><strong><em>κρατεῖν</em></strong></span> <span class='ocrx_word' id='word_1_105' title='bbox 442 956 640 1005; x_wconf 78' lang='grc' dir='ltr'><strong><em>ἐπιεικῶς</em></strong></span> <span class='ocrx_word' id='word_1_106' title='bbox 670 955 820 1006; x_wconf 76' lang='grc' dir='ltr'><strong><em>αὐτοῖς</em></strong></span> <span class='ocrx_word' id='word_1_107' title='bbox 849 955 1152 1023; x_wconf 82' lang='grc' dir='ltr'><strong><em>χρησαμένοις.</em></strong></span> <span class='ocrx_word' id='word_1_108' title='bbox 1191 959 1428 1008; x_wconf 81' lang='grc' dir='ltr'><strong><em>τοιγαροῦν</em></strong></span> <span class='ocrx_word' id='word_1_109' title='bbox 1458 954 1534 1006; x_wconf 79' lang='grc' dir='ltr'><strong><em>ὥς·</em></strong></span> 
     </span>
     <span class='ocr_line' id='line_1_15' title="bbox 145 1009 1618 1068; baseline -0.001 -12"><span class='ocrx_word' id='word_1_110' title='bbox 145 1029 227 1067; x_wconf 90' lang='grc' dir='ltr'><strong><em>περ</em></strong></span> <span class='ocrx_word' id='word_1_111' title='bbox 257 1012 344 1056; x_wconf 81' lang='grc' dir='ltr'><strong><em>οἷπὸ</em></strong></span> <span class='ocrx_word' id='word_1_112' title='bbox 374 1015 671 1067; x_wconf 81' lang='grc' dir='ltr'><strong><em>παραγραφῆς</em></strong></span> <span class='ocrx_word' id='word_1_113' title='bbox 699 1028 790 1055; x_wconf 90' lang='grc' dir='ltr'><strong><em>των</em></strong></span> <span class='ocrx_word' id='word_1_114' title='bbox 828 1012 954 1054; x_wconf 83' lang='grc' dir='ltr'><strong><em>ἰδίων</em></strong></span> <span class='ocrx_word' id='word_1_115' title='bbox 982 1009 1180 1064; x_wconf 76' lang='grc' dir='ltr'><strong><em>πράξεων</em></strong></span> <span class='ocrx_word' id='word_1_116' title='bbox 1208 1010 1279 1053; x_wconf 82' lang='grc' dir='ltr'><strong><em>ἐπὶ</em></strong></span> <span class='ocrx_word' id='word_1_117' title='bbox 1307 1011 1355 1055; x_wconf 88' lang='grc' dir='ltr'><strong><em>τὸ</em></strong></span> <span class='ocrx_word' id='word_1_118' title='bbox 1387 1016 1534 1068; x_wconf 84' lang='grc' dir='ltr'><strong><em>χεῖρον</em></strong></span> <span class='ocrx_word' id='word_1_119' title='bbox 1566 1020 1618 1062; x_wconf 88' lang='lat'><strong><em>15</em></strong></span> 
     </span>
     <span class='ocr_line' id='line_1_16' title="bbox 145 1065 1535 1136; baseline 0 -24"><span class='ocrx_word' id='word_1_120' title='bbox 145 1069 296 1124; x_wconf 77' lang='grc' dir='ltr'><strong><em>ἑώρων</em></strong></span> <span class='ocrx_word' id='word_1_121' title='bbox 315 1085 393 1120; x_wconf 90' lang='grc' dir='ltr'><strong><em>τας</em></strong></span> <span class='ocrx_word' id='word_1_122' title='bbox 423 1068 571 1111; x_wconf 86' lang='grc' dir='ltr'><strong><em>αὑτων</em></strong></span> <span class='ocrx_word' id='word_1_123' title='bbox 601 1070 824 1123; x_wconf 86' lang='grc' dir='ltr'><strong><em>βασιλείας</em></strong></span> <span class='ocrx_word' id='word_1_124' title='bbox 851 1065 939 1110; x_wconf 85' lang='grc' dir='ltr'><strong><em>υπὸ</em></strong></span> <span class='ocrx_word' id='word_1_125' title='bbox 970 1071 1051 1110; x_wconf 87' lang='grc' dir='ltr'><strong><em>τοῦ</em></strong></span> <span class='ocrx_word' id='word_1_126' title='bbox 1081 1069 1315 1136; x_wconf 86' lang='grc' dir='ltr'><strong><em>δαιμονίου</em></strong></span> <span class='ocrx_word' id='word_1_127' title='bbox 1344 1084 1535 1124; x_wconf 88' lang='grc' dir='ltr'><strong><em>προαγο-</em></strong></span> 
     </span>
     <span class='ocr_line' id='line_1_17' title="bbox 145 1123 1536 1198; baseline 0 -30"><span class='ocrx_word' id='word_1_128' title='bbox 145 1126 290 1181; x_wconf 81' lang='grc' dir='ltr'><strong><em>μένας.</em></strong></span> <span class='ocrx_word' id='word_1_129' title='bbox 329 1128 373 1169; x_wconf 78' lang='grc' dir='ltr'><strong><em>οἱ</em></strong></span> <span class='ocrx_word' id='word_1_130' title='bbox 401 1125 447 1169; x_wconf 79' lang='grc' dir='ltr'><strong><em>δὲ</em></strong></span> <span class='ocrx_word' id='word_1_131' title='bbox 471 1123 679 1180; x_wconf 86' lang='grc' dir='ltr'><strong><em>Ῥωμαῖοι</em></strong></span> <span class='ocrx_word' id='word_1_132' title='bbox 709 1126 786 1198; x_wconf 65' lang='grc' dir='ltr'><strong><em>καὶι</em></strong></span> <span class='ocrx_word' id='word_1_133' title='bbox 807 1123 903 1168; x_wconf 90' lang='grc' dir='ltr'><strong><em>τότε</em></strong></span> <span class='ocrx_word' id='word_1_134' title='bbox 933 1125 1007 1168; x_wconf 84' lang='grc' dir='ltr'><strong><em>καὶ</em></strong></span> <span class='ocrx_word' id='word_1_135' title='bbox 1035 1140 1140 1180; x_wconf 89' lang='grc' dir='ltr'><strong><em>μετα</em></strong></span> <span class='ocrx_word' id='word_1_136' title='bbox 1168 1128 1306 1167; x_wconf 82' lang='grc' dir='ltr'><strong><em>ταῦτα</em></strong></span> <span class='ocrx_word' id='word_1_137' title='bbox 1337 1127 1536 1176; x_wconf 84' lang='grc' dir='ltr'><strong><em>δικαίους</em></strong></span> 
     </span>
     <span class='ocr_line' id='line_1_18' title="bbox 145 1181 1537 1252; baseline 0 -27"><span class='ocrx_word' id='word_1_138' title='bbox 145 1182 415 1238; x_wconf 82' lang='grc' dir='ltr'><strong><em>ἐνισταμένοι</em></strong></span> <span class='ocrx_word' id='word_1_139' title='bbox 444 1182 689 1252; x_wconf 82' lang='grc' dir='ltr'><strong><em>πολέμους,</em></strong></span> <span class='ocrx_word' id='word_1_140' title='bbox 718 1199 792 1226; x_wconf 84' lang='grc' dir='ltr'><strong><em>και</em></strong></span> <span class='ocrx_word' id='word_1_141' title='bbox 821 1186 1026 1225; x_wconf 86' lang='grc' dir='ltr'><strong><em>πλεῖστον</em></strong></span> <span class='ocrx_word' id='word_1_142' title='bbox 1055 1181 1202 1235; x_wconf 81' lang='grc' dir='ltr'><strong><em>ὅρκων</em></strong></span> <span class='ocrx_word' id='word_1_143' title='bbox 1231 1182 1305 1224; x_wconf 87' lang='grc' dir='ltr'><strong><em>καὶ</em></strong></span> <span class='ocrx_word' id='word_1_144' title='bbox 1329 1184 1537 1226; x_wconf 75' lang='grc' dir='ltr'><strong><em>σπονδῶν</em></strong></span> 
     </span>
     <span class='ocr_line' id='line_1_19' title="bbox 143 1236 1537 1309; baseline 0 -27"><span class='ocrx_word' id='word_1_145' title='bbox 143 1241 409 1309; x_wconf 85' lang='grc' dir='ltr'><strong><em>ποιούμενοι</em></strong></span> <span class='ocrx_word' id='word_1_146' title='bbox 450 1237 587 1293; x_wconf 88' lang='grc' dir='ltr'><strong><em>λόγον</em></strong></span> <span class='ocrx_word' id='word_1_147' title='bbox 634 1255 718 1282; x_wconf 87' lang='grc' dir='ltr'><strong><em>ουκ</em></strong></span> <span class='ocrx_word' id='word_1_148' title='bbox 760 1237 930 1294; x_wconf 75' lang='grc' dir='ltr'><strong><em>ἀλόγως</em></strong></span> <span class='ocrx_word' id='word_1_149' title='bbox 970 1237 1224 1294; x_wconf 82' lang='grc' dir='ltr'><strong><em>συμμαχους</em></strong></span> <span class='ocrx_word' id='word_1_150' title='bbox 1276 1236 1394 1295; x_wconf 81' lang='grc' dir='ltr'><strong><em>εἶχον</em></strong></span> <span class='ocrx_word' id='word_1_151' title='bbox 1430 1256 1537 1290; x_wconf 89' lang='grc' dir='ltr'><strong><em>τους</em></strong></span> 
     </span>
     <span class='ocr_line' id='line_1_20' title="bbox 142 1295 1618 1352; baseline -0.002 -12"><span class='ocrx_word' id='word_1_152' title='bbox 142 1296 279 1346; x_wconf 80' lang='grc' dir='ltr'><strong><em>θεους</em></strong></span> <span class='ocrx_word' id='word_1_153' title='bbox 308 1296 355 1339; x_wconf 90' lang='grc' dir='ltr'><strong><em>ἐν</em></strong></span> <span class='ocrx_word' id='word_1_154' title='bbox 383 1295 573 1345; x_wconf 82' lang='grc' dir='ltr'><strong><em>απάσαις</em></strong></span> <span class='ocrx_word' id='word_1_155' title='bbox 599 1301 695 1346; x_wconf 88' lang='grc' dir='ltr'><strong><em>ταῖς</em></strong></span> <span class='ocrx_word' id='word_1_156' title='bbox 724 1295 958 1352; x_wconf 79' lang='grc' dir='ltr'><strong><em>ἐπιβολαῖς.</em></strong></span> <span class='ocrx_word' id='word_1_157' title='bbox 1562 1306 1618 1345; x_wconf 76' lang='lat'><strong><em>20</em></strong></span> 
     </span>
    </p>

    <p class='ocr_par' dir='ltr' id='par_1_3' title="bbox 141 1350 1618 1804">
     <span class='ocr_line' id='line_1_21' title="bbox 245 1350 1535 1408; baseline -0.001 -11.983"><span class='ocrx_word' id='word_1_158' title='bbox 245 1352 344 1396; x_wconf 71' lang='lat' dir='ltr'><strong><em>“On</em></strong></span> <span class='ocrx_word' id='word_1_159' title='bbox 376 1354 589 1402; x_wconf 87' lang='grc' dir='ltr'><strong><em>Φίλιππος</em></strong></span> <span class='ocrx_word' id='word_1_160' title='bbox 620 1351 643 1395; x_wconf 89' lang='lat'><strong><em>6</em></strong></span> <span class='ocrx_word' id='word_1_161' title='bbox 672 1357 759 1395; x_wconf 82' lang='grc' dir='ltr'><strong><em>τῶν</em></strong></span> <span class='ocrx_word' id='word_1_162' title='bbox 782 1351 1062 1395; x_wconf 85' lang='grc' dir='ltr'><strong><em>Μακεδόνων</em></strong></span> <span class='ocrx_word' id='word_1_163' title='bbox 1090 1350 1295 1408; x_wconf 88' lang='grc' dir='ltr'><strong><em>βασιλευς</em></strong></span> <span class='ocrx_word' id='word_1_164' title='bbox 1316 1353 1535 1405; x_wconf 82' lang='grc' dir='ltr'><strong><em>σπανίζων</em></strong></span> 
     </span>
     <span class='ocr_line' id='line_1_22' title="bbox 141 1407 1535 1480; baseline -0.001 -28"><span class='ocrx_word' id='word_1_165' title='bbox 141 1413 311 1480; x_wconf 83' lang='grc' dir='ltr'><strong><em>τροφῆς</em></strong></span> <span class='ocrx_word' id='word_1_166' title='bbox 348 1408 404 1452; x_wconf 84' lang='grc' dir='ltr'><strong><em>ου’</em></strong></span> <span class='ocrx_word' id='word_1_167' title='bbox 446 1409 607 1452; x_wconf 86' lang='grc' dir='ltr'><strong><em>διέλιπε</em></strong></span> <span class='ocrx_word' id='word_1_168' title='bbox 646 1426 728 1466; x_wconf 91' lang='grc' dir='ltr'><strong><em>την</em></strong></span> <span class='ocrx_word' id='word_1_169' title='bbox 764 1407 847 1452; x_wconf 82' lang='grc' dir='ltr'><strong><em>υπ’</em></strong></span> <span class='ocrx_word' id='word_1_170' title='bbox 880 1408 1095 1453; x_wconf 74' lang='grc' dir='ltr'><strong><em>’Ἄτταλον</em></strong></span> <span class='ocrx_word' id='word_1_171' title='bbox 1132 1409 1283 1464; x_wconf 76' lang='grc' dir='ltr'><strong><em>χώραν</em></strong></span> <span class='ocrx_word' id='word_1_172' title='bbox 1313 1413 1535 1464; x_wconf 78' lang='grc' dir='ltr'><strong><em>λεηλατῶν</em></strong></span> 
     </span>
     <span class='ocr_line' id='line_1_23' title="bbox 142 1465 1534 1522; baseline 0 -14"><span class='ocrx_word' id='word_1_173' title='bbox 142 1466 266 1522; x_wconf 81' lang='grc' dir='ltr'><strong><em>μέχρι</em></strong></span> <span class='ocrx_word' id='word_1_174' title='bbox 305 1482 380 1521; x_wconf 90' lang='grc' dir='ltr'><strong><em>της</em></strong></span> <span class='ocrx_word' id='word_1_175' title='bbox 414 1470 504 1508; x_wconf 78' lang='grc' dir='ltr'><strong><em>τῶν</em></strong></span> <span class='ocrx_word' id='word_1_176' title='bbox 533 1469 837 1522; x_wconf 76' lang='grc' dir='ltr'><strong><em>Περγαμηνῶν</em></strong></span> <span class='ocrx_word' id='word_1_177' title='bbox 872 1465 1052 1516; x_wconf 87' lang='grc' dir='ltr'><strong><em>πόλεως.</em></strong></span> <span class='ocrx_word' id='word_1_178' title='bbox 1095 1466 1338 1515; x_wconf 75' lang='grc' dir='ltr'><strong><em>κατέσκαψε</em></strong></span> <span class='ocrx_word' id='word_1_179' title='bbox 1376 1466 1422 1509; x_wconf 79' lang='grc' dir='ltr'><strong><em>δὲ</em></strong></span> <span class='ocrx_word' id='word_1_180' title='bbox 1461 1466 1534 1508; x_wconf 86' lang='grc' dir='ltr'><strong><em>καὶ</em></strong></span> 
     </span>
     <span class='ocr_line' id='line_1_24' title="bbox 141 1521 1618 1578; baseline 0 -13"><span class='ocrx_word' id='word_1_181' title='bbox 141 1523 196 1565; x_wconf 79' lang='grc' dir='ltr'><strong><em>τὰ</em></strong></span> <span class='ocrx_word' id='word_1_182' title='bbox 225 1522 324 1576; x_wconf 88' lang='grc' dir='ltr'><strong><em>περὶ</em></strong></span> <span class='ocrx_word' id='word_1_183' title='bbox 351 1522 401 1566; x_wconf 82' lang='grc' dir='ltr'><strong><em>τό</em></strong></span> <span class='ocrx_word' id='word_1_184' title='bbox 424 1523 662 1578; x_wconf 83' lang='grc' dir='ltr'><strong><em>Πέργαμον</em></strong></span> <span class='ocrx_word' id='word_1_185' title='bbox 694 1523 788 1575; x_wconf 81' lang='grc' dir='ltr'><strong><em>ἱερὰ</em></strong></span> <span class='ocrx_word' id='word_1_186' title='bbox 816 1521 866 1566; x_wconf 92' lang='grc' dir='ltr'><strong><em>τό</em></strong></span> <span class='ocrx_word' id='word_1_187' title='bbox 895 1539 940 1566; x_wconf 90' lang='grc' dir='ltr'><strong><em>τε</em></strong></span> <span class='ocrx_word' id='word_1_188' title='bbox 972 1522 1256 1577; x_wconf 71' lang='grc' dir='ltr'><strong><em>Νικηφόηιον</em></strong></span> <span class='ocrx_word' id='word_1_189' title='bbox 1284 1527 1532 1573; x_wconf 74' lang='grc' dir='ltr'><strong><em>πολυτελῶς</em></strong></span> <span class='ocrx_word' id='word_1_190' title='bbox 1563 1530 1618 1573; x_wconf 77' lang='lat'><strong><em>25</em></strong></span> 
     </span>
     <span class='ocr_line' id='line_1_25' title="bbox 141 1579 1533 1635; baseline 0 -13"><span class='ocrx_word' id='word_1_191' title='bbox 141 1579 544 1634; x_wconf 78' lang='grc' dir='ltr'><strong><em>κατεσκευασμένον</em></strong></span> <span class='ocrx_word' id='word_1_192' title='bbox 584 1581 659 1622; x_wconf 86' lang='grc' dir='ltr'><strong><em>καὶ</em></strong></span> <span class='ocrx_word' id='word_1_193' title='bbox 697 1579 834 1622; x_wconf 84' lang='grc' dir='ltr'><strong><em>τᾶλλα</em></strong></span> <span class='ocrx_word' id='word_1_194' title='bbox 871 1580 1043 1635; x_wconf 82' lang='grc' dir='ltr'><strong><em>γλυφὰς</em></strong></span> <span class='ocrx_word' id='word_1_195' title='bbox 1073 1581 1224 1634; x_wconf 78' lang='grc' dir='ltr'><strong><em>ἔχοντα</em></strong></span> <span class='ocrx_word' id='word_1_196' title='bbox 1252 1580 1533 1634; x_wconf 80' lang='grc' dir='ltr'><strong><em>θαυμαζομέ-</em></strong></span> 
     </span>
     <span class='ocr_line' id='line_1_26' title="bbox 142 1635 1536 1692; baseline -0.002 -11"><span class='ocrx_word' id='word_1_197' title='bbox 142 1652 222 1686; x_wconf 85' lang='grc' dir='ltr'><strong><em>νας</em></strong></span> <span class='ocrx_word' id='word_1_198' title='bbox 249 1637 310 1686; x_wconf 87' lang='grc' dir='ltr'><strong><em>εἰς</em></strong></span> <span class='ocrx_word' id='word_1_199' title='bbox 339 1636 462 1686; x_wconf 84' lang='grc' dir='ltr'><strong><em>τέλος</em></strong></span> <span class='ocrx_word' id='word_1_200' title='bbox 491 1635 740 1691; x_wconf 67' lang='grc' dir='ltr'><strong><em>παρωνησε.</em></strong></span> <span class='ocrx_word' id='word_1_201' title='bbox 784 1635 836 1679; x_wconf 88' lang='grc' dir='ltr'><strong><em>δι’</em></strong></span> <span class='ocrx_word' id='word_1_202' title='bbox 870 1636 1005 1692; x_wconf 85' lang='grc' dir='ltr'><strong><em>ὀργης</em></strong></span> <span class='ocrx_word' id='word_1_203' title='bbox 1033 1636 1118 1690; x_wconf 76' lang='grc' dir='ltr'><strong><em>γαρ</em></strong></span> <span class='ocrx_word' id='word_1_204' title='bbox 1151 1637 1260 1691; x_wconf 86' lang='grc' dir='ltr'><strong><em>ε’χων</em></strong></span> <span class='ocrx_word' id='word_1_205' title='bbox 1289 1636 1368 1679; x_wconf 82' lang='grc' dir='ltr'><strong><em>τὸν</em></strong></span> <span class='ocrx_word' id='word_1_206' title='bbox 1386 1635 1536 1678; x_wconf 78' lang='grc' dir='ltr'><strong><em>’Ἀττα-</em></strong></span> 
     </span>
     <span class='ocr_line' id='line_1_27' title="bbox 143 1691 1534 1747; baseline 0 -11"><span class='ocrx_word' id='word_1_207' title='bbox 143 1697 246 1744; x_wconf 90' lang='grc' dir='ltr'><strong><em>λον,</em></strong></span> <span class='ocrx_word' id='word_1_208' title='bbox 276 1692 369 1735; x_wconf 86' lang='grc' dir='ltr'><strong><em>ἐπεὶ</em></strong></span> <span class='ocrx_word' id='word_1_209' title='bbox 393 1696 552 1736; x_wconf 83' lang='grc' dir='ltr'><strong><em>τοῦτον</em></strong></span> <span class='ocrx_word' id='word_1_210' title='bbox 585 1692 639 1735; x_wconf 87' lang='grc' dir='ltr'><strong><em>ου’</em></strong></span> <span class='ocrx_word' id='word_1_211' title='bbox 668 1693 877 1747; x_wconf 83' lang='grc' dir='ltr'><strong><em>κατέλαβε</em></strong></span> <span class='ocrx_word' id='word_1_212' title='bbox 895 1694 994 1747; x_wconf 85' lang='grc' dir='ltr'><strong><em>περὶ</em></strong></span> <span class='ocrx_word' id='word_1_213' title='bbox 1015 1694 1203 1743; x_wconf 84' lang='grc' dir='ltr'><strong><em>τούτους</em></strong></span> <span class='ocrx_word' id='word_1_214' title='bbox 1228 1692 1335 1744; x_wconf 79' lang='grc' dir='ltr'><strong><em>τούς</em></strong></span> <span class='ocrx_word' id='word_1_215' title='bbox 1356 1691 1534 1744; x_wconf 85' lang='grc' dir='ltr'><strong><em>τόπους,</em></strong></span> 
     </span>
     <span class='ocr_line' id='line_1_28' title="bbox 141 1748 939 1804; baseline -0.001 -11"><span class='ocrx_word' id='word_1_216' title='bbox 141 1749 219 1793; x_wconf 86' lang='grc' dir='ltr'><strong><em>τὸν</em></strong></span> <span class='ocrx_word' id='word_1_217' title='bbox 244 1748 395 1804; x_wconf 79' lang='grc' dir='ltr'><strong><em>θυμὸν</em></strong></span> <span class='ocrx_word' id='word_1_218' title='bbox 425 1751 483 1799; x_wconf 81' lang='grc' dir='ltr'><strong><em>εἰς</em></strong></span> <span class='ocrx_word' id='word_1_219' title='bbox 512 1753 652 1792; x_wconf 85' lang='grc' dir='ltr'><strong><em>ταῦτα</em></strong></span> <span class='ocrx_word' id='word_1_220' title='bbox 679 1752 939 1793; x_wconf 82' lang='grc' dir='ltr'><strong><em>κατετίθετο.</em></strong></span> 
     </span>
    </p>

    <p class='ocr_par' dir='ltr' id='par_1_4' title="bbox 137 1803 1616 2373">
     <span class='ocr_line' id='line_1_29' title="bbox 242 1803 1616 1877; baseline 0.003 -30.065"><span class='ocrx_word' id='word_1_221' title='bbox 242 1805 341 1848; x_wconf 87' lang='grc' dir='ltr'><strong><em>Ὀτι</em></strong></span> <span class='ocrx_word' id='word_1_222' title='bbox 376 1807 592 1856; x_wconf 84' lang='grc' dir='ltr'><strong><em>Φίλιππος</em></strong></span> <span class='ocrx_word' id='word_1_223' title='bbox 623 1805 647 1849; x_wconf 96' lang='lat'><strong><em>6</em></strong></span> <span class='ocrx_word' id='word_1_224' title='bbox 676 1806 899 1877; x_wconf 78' lang='grc' dir='ltr'><strong><em>Μακεδών</em></strong></span> <span class='ocrx_word' id='word_1_225' title='bbox 937 1806 1007 1849; x_wconf 85' lang='grc' dir='ltr'><strong><em>ἐπὶ</em></strong></span> <span class='ocrx_word' id='word_1_226' title='bbox 1045 1822 1122 1856; x_wconf 88' lang='grc' dir='ltr'><strong><em>τας</em></strong></span> <span class='ocrx_word' id='word_1_227' title='bbox 1155 1803 1348 1876; x_wconf 76' lang='grc' dir='ltr'><strong><em>Ἀθήνας</em></strong></span> <span class='ocrx_word' id='word_1_228' title='bbox 1387 1805 1531 1849; x_wconf 75' lang='grc' dir='ltr'><strong><em>ἐλθών</em></strong></span> <span class='ocrx_word' id='word_1_229' title='bbox 1560 1811 1616 1851; x_wconf 86' lang='lat'><strong><em>30</em></strong></span> 
     </span>
     <span class='ocr_line' id='line_1_30' title="bbox 139 1862 1532 1935; baseline 0.001 -30"><span class='ocrx_word' id='word_1_230' title='bbox 139 1862 614 1933; x_wconf 80' lang='grc' dir='ltr'><strong><em>κατεστρατοπέδευσεν</em></strong></span> <span class='ocrx_word' id='word_1_231' title='bbox 642 1863 711 1905; x_wconf 80' lang='grc' dir='ltr'><strong><em>ἐπὶ,</em></strong></span> <span class='ocrx_word' id='word_1_232' title='bbox 749 1863 799 1906; x_wconf 81' lang='grc' dir='ltr'><strong><em>τό</em></strong></span> <span class='ocrx_word' id='word_1_233' title='bbox 831 1863 1126 1935; x_wconf 82' lang='grc' dir='ltr'><strong><em>Κυνόςαργες</em></strong></span> <span class='ocrx_word' id='word_1_234' title='bbox 1177 1862 1284 1918; x_wconf 79' lang='grc' dir='ltr'><strong><em>μετιὲ</em></strong></span> <span class='ocrx_word' id='word_1_235' title='bbox 1316 1864 1362 1906; x_wconf 83' lang='grc' dir='ltr'><strong><em>δὲ</em></strong></span> <span class='ocrx_word' id='word_1_236' title='bbox 1394 1868 1532 1906; x_wconf 85' lang='grc' dir='ltr'><strong><em>ταῦτα</em></strong></span> 
     </span>
     <span class='ocr_line' id='line_1_31' title="bbox 138 1918 1528 1989; baseline -0.001 -26"><span class='ocrx_word' id='word_1_237' title='bbox 138 1918 219 1975; x_wconf 85' lang='grc' dir='ltr'><strong><em>τὴν</em></strong></span> <span class='ocrx_word' id='word_1_238' title='bbox 246 1918 509 1989; x_wconf 81' lang='grc' dir='ltr'><strong><em>Ἀκαδημίαν</em></strong></span> <span class='ocrx_word' id='word_1_239' title='bbox 540 1918 746 1976; x_wconf 77' lang='grc' dir='ltr'><strong><em>ἐνέπρησε</em></strong></span> <span class='ocrx_word' id='word_1_240' title='bbox 784 1921 857 1963; x_wconf 84' lang='grc' dir='ltr'><strong><em>καὶ</em></strong></span> <span class='ocrx_word' id='word_1_241' title='bbox 896 1920 1002 1970; x_wconf 80' lang='grc' dir='ltr'><strong><em>τοὺς</em></strong></span> <span class='ocrx_word' id='word_1_242' title='bbox 1031 1936 1204 1975; x_wconf 89' lang='grc' dir='ltr'><strong><em>ταφους</em></strong></span> <span class='ocrx_word' id='word_1_243' title='bbox 1242 1919 1528 1971; x_wconf 80' lang='grc' dir='ltr'><strong><em>κατέσκαψεν,</em></strong></span> 
     </span>
     <span class='ocr_line' id='line_1_32' title="bbox 139 1975 1531 2048; baseline 0.001 -29"><span class='ocrx_word' id='word_1_244' title='bbox 139 1977 202 2020; x_wconf 84' lang='grc' dir='ltr'><strong><em>ε’τι</em></strong></span> <span class='ocrx_word' id='word_1_245' title='bbox 231 1975 276 2019; x_wconf 80' lang='grc' dir='ltr'><strong><em>δὲ</em></strong></span> <span class='ocrx_word' id='word_1_246' title='bbox 304 1993 357 2018; x_wconf 87' lang='grc' dir='ltr'><strong><em>τα</em></strong></span> <span class='ocrx_word' id='word_1_247' title='bbox 387 1975 545 2045; x_wconf 91' lang='grc' dir='ltr'><strong><em>τεμένη</em></strong></span> <span class='ocrx_word' id='word_1_248' title='bbox 578 1981 667 2019; x_wconf 78' lang='grc' dir='ltr'><strong><em>τῶν</em></strong></span> <span class='ocrx_word' id='word_1_249' title='bbox 696 1982 817 2020; x_wconf 74' lang='grc' dir='ltr'><strong><em>θεῶν</em></strong></span> <span class='ocrx_word' id='word_1_250' title='bbox 856 1976 1113 2048; x_wconf 85' lang='grc' dir='ltr'><strong><em>ἐλυμηνατο.</em></strong></span> <span class='ocrx_word' id='word_1_251' title='bbox 1162 1976 1452 2047; x_wconf 76' lang='grc' dir='ltr'><strong><em>χαρισαμένος</em></strong></span> <span class='ocrx_word' id='word_1_252' title='bbox 1483 1978 1531 2020; x_wconf 81' lang='grc' dir='ltr'><strong><em>δὲ</em></strong></span> 
     </span>
     <span class='ocr_line' id='line_1_33' title="bbox 137 2031 1615 2103; baseline 0.001 -27"><span class='ocrx_word' id='word_1_253' title='bbox 137 2036 200 2089; x_wconf 74' lang='grc' dir='ltr'><strong><em>τῷ</em></strong></span> <span class='ocrx_word' id='word_1_254' title='bbox 229 2036 383 2088; x_wconf 78' lang='grc' dir='ltr'><strong><em>θυμῷ,</em></strong></span> <span class='ocrx_word' id='word_1_255' title='bbox 426 2031 626 2103; x_wconf 78' lang='grc' dir='ltr'><strong><em>καθαπερ</em></strong></span> <span class='ocrx_word' id='word_1_256' title='bbox 665 2035 726 2084; x_wconf 88' lang='grc' dir='ltr'><strong><em>εἰς</em></strong></span> <span class='ocrx_word' id='word_1_257' title='bbox 753 2032 940 2090; x_wconf 78' lang='grc' dir='ltr'><strong><em>Ἀθηνας</em></strong></span> <span class='ocrx_word' id='word_1_258' title='bbox 980 2031 1074 2076; x_wconf 79' lang='grc' dir='ltr'><strong><em>αλλ’</em></strong></span> <span class='ocrx_word' id='word_1_259' title='bbox 1116 2050 1200 2077; x_wconf 89' lang='grc' dir='ltr'><strong><em>ουκ</em></strong></span> <span class='ocrx_word' id='word_1_260' title='bbox 1230 2035 1289 2084; x_wconf 87' lang='grc' dir='ltr'><strong><em>εἰς</em></strong></span> <span class='ocrx_word' id='word_1_261' title='bbox 1317 2034 1366 2077; x_wconf 85' lang='grc' dir='ltr'><em>τό</em></span> <span class='ocrx_word' id='word_1_262' title='bbox 1401 2038 1529 2078; x_wconf 79' lang='grc' dir='ltr'><strong><em>θεῖον</em></strong></span> <span class='ocrx_word' id='word_1_263' title='bbox 1558 2037 1615 2079; x_wconf 82' lang='grc'><strong><em>35</em></strong></span> 
     </span>
     <span class='ocr_line' id='line_1_34' title="bbox 138 2088 1530 2159; baseline -0.001 -25"><span class='ocrx_word' id='word_1_264' title='bbox 138 2089 465 2159; x_wconf 81' lang='grc' dir='ltr'><strong><em>ἐξαμαρτάνων,</em></strong></span> <span class='ocrx_word' id='word_1_265' title='bbox 498 2088 589 2133; x_wconf 78' lang='grc' dir='ltr'><strong><em>υπὸ</em></strong></span> <span class='ocrx_word' id='word_1_266' title='bbox 623 2107 702 2145; x_wconf 92' lang='grc' dir='ltr'><strong><em>μεν</em></strong></span> <span class='ocrx_word' id='word_1_267' title='bbox 730 2096 820 2134; x_wconf 79' lang='grc' dir='ltr'><strong><em>τῶν</em></strong></span> <span class='ocrx_word' id='word_1_268' title='bbox 849 2091 1105 2159; x_wconf 70' lang='grc' dir='ltr'><strong><em>ἀνθρώπων</em></strong></span> <span class='ocrx_word' id='word_1_269' title='bbox 1134 2091 1208 2135; x_wconf 86' lang='grc' dir='ltr'><strong><em>καὶ</em></strong></span> <span class='ocrx_word' id='word_1_270' title='bbox 1236 2090 1371 2134; x_wconf 86' lang='grc' dir='ltr'><strong><em>παλαι</em></strong></span> <span class='ocrx_word' id='word_1_271' title='bbox 1400 2094 1530 2147; x_wconf 83' lang='grc' dir='ltr'><strong><em>βλασ-</em></strong></span> 
     </span>
     <span class='ocr_line' id='line_1_35' title="bbox 140 2146 1529 2204; baseline 0 -14"><span class='ocrx_word' id='word_1_272' title='bbox 140 2148 423 2202; x_wconf 84' lang='grc' dir='ltr'><strong><em>φημούμενος</em></strong></span> <span class='ocrx_word' id='word_1_273' title='bbox 457 2146 553 2189; x_wconf 91' lang='grc' dir='ltr'><strong><em>τότε</em></strong></span> <span class='ocrx_word' id='word_1_274' title='bbox 589 2147 744 2198; x_wconf 87' lang='grc' dir='ltr'><strong><em>τελέως</em></strong></span> <span class='ocrx_word' id='word_1_275' title='bbox 785 2147 995 2204; x_wconf 80' lang='grc' dir='ltr'><strong><em>ἐμισήθη,</em></strong></span> <span class='ocrx_word' id='word_1_276' title='bbox 1046 2146 1134 2191; x_wconf 86' lang='grc' dir='ltr'><strong><em>υπὸ</em></strong></span> <span class='ocrx_word' id='word_1_277' title='bbox 1177 2148 1223 2191; x_wconf 81' lang='grc' dir='ltr'><strong><em>δὲ</em></strong></span> <span class='ocrx_word' id='word_1_278' title='bbox 1262 2153 1382 2190; x_wconf 78' lang='grc' dir='ltr'><strong><em>θεων</em></strong></span> <span class='ocrx_word' id='word_1_279' title='bbox 1421 2148 1529 2203; x_wconf 79' lang='grc' dir='ltr'><strong><em>ταχὺ</em></strong></span> 
     </span>
     <span class='ocr_line' id='line_1_36' title="bbox 138 2202 1530 2274; baseline 0.001 -28"><span class='ocrx_word' id='word_1_280' title='bbox 138 2208 214 2273; x_wconf 86' lang='grc' dir='ltr'><strong><em>τῆς</em></strong></span> <span class='ocrx_word' id='word_1_281' title='bbox 243 2202 550 2259; x_wconf 87' lang='grc' dir='ltr'><strong><em>προςηκούσης</em></strong></span> <span class='ocrx_word' id='word_1_282' title='bbox 588 2203 871 2260; x_wconf 80' lang='grc' dir='ltr'><strong><em>ἐπιτιμήσεως</em></strong></span> <span class='ocrx_word' id='word_1_283' title='bbox 900 2206 1040 2260; x_wconf 79' lang='grc' dir='ltr'><strong><em>ἔτυχε,</em></strong></span> <span class='ocrx_word' id='word_1_284' title='bbox 1092 2204 1165 2274; x_wconf 79' lang='grc' dir='ltr'><strong><em>δια</em></strong></span> <span class='ocrx_word' id='word_1_285' title='bbox 1197 2221 1276 2260; x_wconf 88' lang='grc' dir='ltr'><strong><em>μεν</em></strong></span> <span class='ocrx_word' id='word_1_286' title='bbox 1304 2204 1384 2260; x_wconf 80' lang='grc' dir='ltr'><strong><em>τὴν</em></strong></span> <span class='ocrx_word' id='word_1_287' title='bbox 1413 2207 1530 2247; x_wconf 89' lang='grc' dir='ltr'><strong><em>ἰδίαν</em></strong></span> 
     </span>
     <span class='ocr_line' id='line_1_37' title="bbox 140 2258 1616 2330; baseline 0.004 -28"><span class='ocrx_word' id='word_1_288' title='bbox 140 2258 353 2316; x_wconf 77' lang='grc' dir='ltr'><strong><em>ἀβουλίαν</em></strong></span> <span class='ocrx_word' id='word_1_289' title='bbox 382 2265 473 2311; x_wconf 87' lang='grc' dir='ltr'><strong><em>τοῖς</em></strong></span> <span class='ocrx_word' id='word_1_290' title='bbox 502 2261 622 2311; x_wconf 84' lang='grc' dir='ltr'><strong><em>ὅλοις</em></strong></span> <span class='ocrx_word' id='word_1_291' title='bbox 631 2264 847 2330; x_wconf 86' lang='grc' dir='ltr'><strong><em>σφαλείς,</em></strong></span> <span class='ocrx_word' id='word_1_292' title='bbox 879 2262 952 2306; x_wconf 86' lang='grc' dir='ltr'><strong><em>δια</em></strong></span> <span class='ocrx_word' id='word_1_293' title='bbox 985 2261 1032 2305; x_wconf 77' lang='grc' dir='ltr'><strong><em>δὲ</em></strong></span> <span class='ocrx_word' id='word_1_294' title='bbox 1061 2262 1141 2318; x_wconf 80' lang='grc' dir='ltr'><strong><em>τὴν</em></strong></span> <span class='ocrx_word' id='word_1_295' title='bbox 1155 2259 1382 2319; x_wconf 88' lang='grc' dir='ltr'><strong><em>Ρωμαίων</em></strong></span> <span class='ocrx_word' id='word_1_296' title='bbox 1405 2262 1530 2305; x_wconf 82' lang='grc' dir='ltr'><strong><em>ἐπιεί-</em></strong></span> <span class='ocrx_word' id='word_1_297' title='bbox 1561 2266 1616 2309; x_wconf 86' lang='grc'><strong><em>40</em></strong></span> 
     </span>
     <span class='ocr_line' id='line_1_38' title="bbox 139 2316 735 2373; baseline 0 -13"><span class='ocrx_word' id='word_1_298' title='bbox 139 2332 263 2360; x_wconf 88' lang='grc' dir='ltr'><strong><em>κειαν</em></strong></span> <span class='ocrx_word' id='word_1_299' title='bbox 291 2316 435 2372; x_wconf 76' lang='grc' dir='ltr'><strong><em>τυχών</em></strong></span> <span class='ocrx_word' id='word_1_300' title='bbox 467 2316 735 2373; x_wconf 74' lang='grc' dir='ltr'><strong><em>συγγνώμης.</em></strong></span> 
     </span>
    </p>

    <p class='ocr_par' dir='ltr' id='par_1_5' title="bbox 139 2372 1613 2717">
     <span class='ocr_line' id='line_1_39' title="bbox 242 2372 1534 2447; baseline 0.002 -31.053"><span class='ocrx_word' id='word_1_301' title='bbox 242 2372 340 2416; x_wconf 89' lang='grc' dir='ltr'><strong><em>Ὀτι</em></strong></span> <span class='ocrx_word' id='word_1_302' title='bbox 380 2376 595 2424; x_wconf 86' lang='grc' dir='ltr'><strong><em>Φίλιππος</em></strong></span> <span class='ocrx_word' id='word_1_303' title='bbox 631 2378 818 2429; x_wconf 79' lang='grc' dir='ltr'><strong><em>θεωρων</em></strong></span> <span class='ocrx_word' id='word_1_304' title='bbox 854 2392 944 2418; x_wconf 91' lang='grc' dir='ltr'><strong><em>των</em></strong></span> <span class='ocrx_word' id='word_1_305' title='bbox 982 2374 1256 2447; x_wconf 77' lang='grc' dir='ltr'><strong><em>Μακεδόνων</em></strong></span> <span class='ocrx_word' id='word_1_306' title='bbox 1285 2394 1391 2428; x_wconf 87' lang='grc' dir='ltr'><strong><em>τους</em></strong></span> <span class='ocrx_word' id='word_1_307' title='bbox 1420 2378 1534 2419; x_wconf 88' lang='grc' dir='ltr'><strong><em>πλεί-</em></strong></span> 
     </span>
     <span class='ocr_line' id='line_1_40' title="bbox 141 2430 1534 2503; baseline 0.001 -30"><span class='ocrx_word' id='word_1_308' title='bbox 141 2441 274 2480; x_wconf 82' lang='grc' dir='ltr'><strong><em>στους</em></strong></span> <span class='ocrx_word' id='word_1_309' title='bbox 313 2430 453 2487; x_wconf 78' lang='grc' dir='ltr'><strong><em>ἐαυτῷ</em></strong></span> <span class='ocrx_word' id='word_1_310' title='bbox 492 2436 687 2485; x_wconf 75' lang='grc' dir='ltr'><strong><em>χαλεπῶς</em></strong></span> <span class='ocrx_word' id='word_1_311' title='bbox 724 2433 902 2503; x_wconf 78' lang='grc' dir='ltr'><strong><em>ἔχοντας</em></strong></span> <span class='ocrx_word' id='word_1_312' title='bbox 943 2432 1011 2476; x_wconf 83' lang='grc' dir='ltr'><strong><em>ἐπὶ</em></strong></span> <span class='ocrx_word' id='word_1_313' title='bbox 1049 2436 1110 2502; x_wconf 79' lang='grc' dir='ltr'><strong><em>τῷ</em></strong></span> <span class='ocrx_word' id='word_1_314' title='bbox 1140 2431 1220 2475; x_wconf 79' lang='grc' dir='ltr'><strong><em>τόν</em></strong></span> <span class='ocrx_word' id='word_1_315' title='bbox 1246 2431 1534 2501; x_wconf 84' lang='grc' dir='ltr'><strong><em>Ἡρακλείδην</em></strong></span> 
     </span>
     <span class='ocr_line' id='line_1_41' title="bbox 141 2487 1533 2559; baseline 0.002 -30"><span class='ocrx_word' id='word_1_316' title='bbox 141 2487 252 2545; x_wconf 78' lang='grc' dir='ltr'><strong><em>ε’χειν</em></strong></span> <span class='ocrx_word' id='word_1_317' title='bbox 282 2488 434 2542; x_wconf 86' lang='grc' dir='ltr'><strong><em>φίλον,</em></strong></span> <span class='ocrx_word' id='word_1_318' title='bbox 475 2488 730 2542; x_wconf 86' lang='grc' dir='ltr'><strong><em>παρέδωκεν</em></strong></span> <span class='ocrx_word' id='word_1_319' title='bbox 768 2488 908 2532; x_wconf 79' lang='grc' dir='ltr'><strong><em>αυτόν</em></strong></span> <span class='ocrx_word' id='word_1_320' title='bbox 939 2491 998 2540; x_wconf 85' lang='grc' dir='ltr'><strong><em>εἰς</em></strong></span> <span class='ocrx_word' id='word_1_321' title='bbox 1027 2505 1107 2544; x_wconf 90' lang='grc' dir='ltr'><strong><em>την</em></strong></span> <span class='ocrx_word' id='word_1_322' title='bbox 1137 2490 1357 2559; x_wconf 81' lang='grc' dir='ltr'><strong><em>φυλακήν.</em></strong></span> <span class='ocrx_word' id='word_1_323' title='bbox 1382 2508 1455 2545; x_wconf 85' lang='grc' dir='ltr'><strong><em>ην</em></strong></span> <span class='ocrx_word' id='word_1_324' title='bbox 1486 2489 1533 2533; x_wconf 81' lang='grc' dir='ltr'><strong><em>δὲ</em></strong></span> 
     </span>
     <span class='ocr_line' id='line_1_42' title="bbox 142 2546 1613 2616; baseline 0.003 -30"><span class='ocrx_word' id='word_1_325' title='bbox 142 2546 273 2594; x_wconf 86' lang='grc' dir='ltr'><strong><em>οὑτος</em></strong></span> <span class='ocrx_word' id='word_1_326' title='bbox 309 2548 575 2597; x_wconf 86' lang='grc' dir='ltr'><strong><em>Ταραντῖνος</em></strong></span> <span class='ocrx_word' id='word_1_327' title='bbox 605 2561 684 2599; x_wconf 87' lang='grc' dir='ltr'><strong><em>μεν</em></strong></span> <span class='ocrx_word' id='word_1_328' title='bbox 722 2547 771 2589; x_wconf 82' lang='grc' dir='ltr'><strong><em>τό</em></strong></span> <span class='ocrx_word' id='word_1_329' title='bbox 813 2547 962 2602; x_wconf 85' lang='grc' dir='ltr'><strong><em>γένος,</em></strong></span> <span class='ocrx_word' id='word_1_330' title='bbox 1010 2548 1200 2616; x_wconf 74' lang='grc' dir='ltr'><strong><em>πονηρία</em></strong></span> <span class='ocrx_word' id='word_1_331' title='bbox 1242 2547 1286 2590; x_wconf 80' lang='grc' dir='ltr'><strong><em>δὲ</em></strong></span> <span class='ocrx_word' id='word_1_332' title='bbox 1315 2546 1528 2600; x_wconf 74' lang='grc' dir='ltr'><strong><em>υπερβαλ·</em></strong></span> <span class='ocrx_word' id='word_1_333' title='bbox 1559 2549 1613 2591; x_wconf 83' lang='grc'><strong><em>45</em></strong></span> 
     </span>
     <span class='ocr_line' id='line_1_43' title="bbox 140 2599 1526 2657; baseline 0.002 -14"><span class='ocrx_word' id='word_1_334' title='bbox 140 2599 278 2657; x_wconf 80' lang='grc' dir='ltr'><strong><em>λούσῃ</em></strong></span> <span class='ocrx_word' id='word_1_335' title='bbox 318 2616 560 2655; x_wconf 80' lang='grc' dir='ltr'><strong><em>χρωμένος,</em></strong></span> <span class='ocrx_word' id='word_1_336' title='bbox 600 2618 673 2645; x_wconf 89' lang='grc' dir='ltr'><strong><em>και</em></strong></span> <span class='ocrx_word' id='word_1_337' title='bbox 712 2603 790 2645; x_wconf 87' lang='grc' dir='ltr'><strong><em>τὸν</em></strong></span> <span class='ocrx_word' id='word_1_338' title='bbox 826 2606 1049 2646; x_wconf 85' lang='grc' dir='ltr'><strong><em>Φίλιππον</em></strong></span> <span class='ocrx_word' id='word_1_339' title='bbox 1080 2603 1122 2654; x_wconf 75' lang='grc' dir='ltr'><strong><em>ἐξ</em></strong></span> <span class='ocrx_word' id='word_1_340' title='bbox 1159 2604 1378 2654; x_wconf 78' lang='grc' dir='ltr'><strong><em>ἐπιεικοῦς</em></strong></span> <span class='ocrx_word' id='word_1_341' title='bbox 1407 2608 1526 2657; x_wconf 81' lang='grc' dir='ltr'><strong><em>βασι-</em></strong></span> 
     </span>
     <span class='ocr_line' id='line_1_44' title="bbox 139 2657 1532 2717; baseline 0.001 -16"><span class='ocrx_word' id='word_1_342' title='bbox 139 2659 246 2709; x_wconf 86' lang='grc' dir='ltr'><strong><em>λέως</em></strong></span> <span class='ocrx_word' id='word_1_343' title='bbox 274 2657 517 2713; x_wconf 75' lang='grc' dir='ltr'><strong><em>πεποιηκώς</em></strong></span> <span class='ocrx_word' id='word_1_344' title='bbox 546 2659 707 2713; x_wconf 79' lang='grc' dir='ltr'><strong><em>πικρόν</em></strong></span> <span class='ocrx_word' id='word_1_345' title='bbox 736 2660 810 2703; x_wconf 83' lang='grc' dir='ltr'><strong><em>καὶ</em></strong></span> <span class='ocrx_word' id='word_1_346' title='bbox 839 2658 915 2704; x_wconf 83' lang='grc' dir='ltr'><strong><em>ασε</em></strong></span> <span class='ocrx_word' id='word_1_347' title='bbox 919 2664 976 2717; x_wconf 82' lang='grc' dir='ltr'><strong><em>βη</em></strong></span> <span class='ocrx_word' id='word_1_348' title='bbox 1006 2657 1243 2715; x_wconf 77' lang='grc' dir='ltr'><strong><em>τύραννον.</em></strong></span> <span class='ocrx_word' id='word_1_349' title='bbox 1274 2660 1343 2704; x_wconf 82' lang='grc' dir='ltr'><strong><em>διὸ</em></strong></span> <span class='ocrx_word' id='word_1_350' title='bbox 1375 2661 1428 2716; x_wconf 71' lang='grc' dir='ltr'><strong><em>δὴ</em></strong></span> <span class='ocrx_word' id='word_1_351' title='bbox 1458 2662 1532 2703; x_wconf 81' lang='grc' dir='ltr'><strong><em>καὶ</em></strong></span> 
     </span>
    </p>
   </div>
   <div class='ocr_carea' id='block_1_3' title="bbox 140 2759 1529 2858">
    <p class='ocr_par' dir='ltr' id='par_1_6' title="bbox 140 2759 1529 2854">
     <span class='ocr_line' id='line_1_45' title="bbox 180 2759 1529 2817; baseline 0.004 -24"><span class='ocrx_word' id='word_1_352' title='bbox 180 2804 188 2811; x_wconf 25' lang='grc' dir='ltr'>ἱ</span> <span class='ocrx_word' id='word_1_353' title='bbox 232 2760 312 2794; x_wconf 73' lang='lat'><strong><em>573.</em></strong></span> <span class='ocrx_word' id='word_1_354' title='bbox 336 2761 370 2796; x_wconf 79' lang='lat'><strong><em>5.</em></strong></span> <span class='ocrx_word' id='word_1_355' title='bbox 395 2759 661 2805; x_wconf 78' lang='grc' dir='ltr'><strong><em>ἐπιβαλόμενος</em></strong></span> <span class='ocrx_word' id='word_1_356' title='bbox 687 2763 777 2797; x_wconf 63' lang='lat' dir='ltr'><strong>u&#39;os.</strong></span> <span class='ocrx_word' id='word_1_357' title='bbox 774 2763 950 2808; x_wconf 50' lang='lat' dir='ltr'><strong><em>:dmg-311³,</em></strong></span> <span class='ocrx_word' id='word_1_358' title='bbox 977 2761 1240 2817; x_wconf 74' lang='grc' dir='ltr'><strong><em>ἐπιλαβόμενος</em></strong></span> <span class='ocrx_word' id='word_1_359' title='bbox 1265 2763 1293 2794; x_wconf 57' lang='grc' dir='ltr'><strong>ἲ</strong></span> <span class='ocrx_word' id='word_1_360' title='bbox 1416 2762 1449 2798; x_wconf 86' lang='grc'><strong><em>8.</em></strong></span> <span class='ocrx_word' id='word_1_361' title='bbox 1473 2763 1529 2800; x_wconf 78' lang='lat'><strong><em>15.</em></strong></span> 
     </span>
     <span class='ocr_line' id='line_1_46' title="bbox 140 2793 1300 2858; baseline 0.002 -16"><span class='ocrx_word' id='word_1_362' title='bbox 140 2808 263 2842; x_wconf 77' lang='grc' dir='ltr'><strong><em>αυτῶν</em></strong></span> <span class='ocrx_word' id='word_1_363' title='bbox 291 2808 310 2839; x_wconf 61' lang='lat' dir='ltr'>V</span> <span class='ocrx_word' id='word_1_364' title='bbox 458 2808 515 2843; x_wconf 72' lang='lat'><strong><em>26.</em></strong></span> <span class='ocrx_word' id='word_1_365' title='bbox 538 2807 734 2855; x_wconf 71' lang='grc' dir='ltr'><strong><em>παριὶνησε</em></strong></span> <span class='ocrx_word' id='word_1_366' title='bbox 762 2793 882 2846; x_wconf 64' lang='lat' dir='ltr'><strong><em>uess‘e&#39;</em></strong></span> <span class='ocrx_word' id='word_1_367' title='bbox 866 2811 952 2844; x_wconf 67' lang='lat' dir='ltr'><strong><em>&#39;‘fir‘&#39;</em></strong></span> <span class='ocrx_word' id='word_1_368' title='bbox 934 2810 1034 2855; x_wconf 68' lang='grc' dir='ltr'><strong><em>ι.,ῐιιε,</em></strong></span> <span class='ocrx_word' id='word_1_369' title='bbox 1059 2808 1244 2858; x_wconf 68' lang='grc' dir='ltr'><strong><em>παρςὶνισε</em></strong></span> <span class='ocrx_word' id='word_1_370' title='bbox 1271 2810 1300 2842; x_wconf 88' lang='lat' dir='ltr'>V</span> 
     </span>
    </p>
   </div>
  </div>
 </body>
</html>
