1968 3346
408 247 464 284 82
565 240 866 282 EXCERPTA
894 240 1185 282 VATICANA
1211 240 1261 282 L.
1283 240 1440 283 XXVI.
1446 240 1647 283 -XXX.

525 351 618 393 XX.
653 347 752 393 ’Ὀτι
781 347 805 394 ὁ
838 349 1034 406 Περσεύς
1070 348 1243 394 οὐδέπω
1276 349 1557 419 βουλόμενος
1584 351 1803 408 προέσθαι

469 406 616 463 νήματα
643 407 776 450 πάλιν
806 406 1011 463 ἐξέπεμψε
1041 406 1312 464 πρεσβευτοές
1341 408 1453 461 πρὸς
1482 411 1690 463 Γέντιον,
1720 425 1806 454 πα·-

417 476 655 518 ρασιωπων
678 464 758 520 μὲν
773 464 873 518 περὶ
894 468 976 507 τοῦ
999 466 1158 507 δώσειν
1179 467 1428 519 παραυτίκα
1453 465 1664 536 χρήματα,
1695 465 1804 521 μετὰ

417 522 463 564 δὲ
491 520 572 575 τήν
600 524 690 564 τῶν
719 518 988 574 πραγμάτων
1030 520 1281 564 συντέλειαν
1314 522 1507 591 μεγάλας
1522 521 1803 592 υποφαίνων

389 577 617 626 5ἐλπίδας·
651 577 754 628 ω’ςτε
785 577 1049 646 διαπορῆσαι
1083 594 1148 628 τις
1179 576 1235 621 ἂν
1267 576 1454 648 πότερον
1466 578 1565 648 τὴν
1594 579 1804 649 τοιαύτην

419 633 622 678 διαδυσιν
651 632 916 702 ἀφροσύνην
951 634 980 690 ἢ
1016 633 1169 685 τελέως
1198 637 1363 690 μανίαν
1392 633 1602 691 ἡγήσαιτο
1633 640 1721 679 τῶν
1750 634 1803 679 τοὶ
1815 641 1863 681 74

417 695 602 734 τοιαῦτα
648 689 943 743 πραττόντων.
995 689 1308 760 ἐπιβαλλονται
1343 692 1422 748 μὲν
1467 692 1552 748 γὰρ
1604 691 1808 760 μεγάλοις

418 747 492 791 καὶ
529 746 611 802 τήν
641 749 758 790 ἰδίαν
796 745 1155 816 παραβαλλονται
1192 745 1360 804 ψυχήν,
1404 762 1632 819 παρορωσι
1671 749 1718 792 δὲ
1755 748 1807 792 τὰ

420 802 607 873 μαλιστα
637 802 1007 857 ἀναγκαιότατον,
1042 804 1119 847 -καὶ
1148 809 1288 847 ταῦτα
1317 809 1529 876 νοοῦντες
1568 803 1698 849 αὐτοὶ
1733 805 1810 849 καὶ
1851 834 1855 836 —

368 859 660 914 ΙΟδυναμενοι
691 865 926 904 συντελεῖν.
977 862 1194 911 Φίλιππος
1223 877 1303 917 μεν
1335 864 1416 905 οῦν
1434 859 1672 917 Ἀμύντου,
1699 877 1810 931 πρα-
1850 861 1853 863 ’

420 916 630 972 γματικὸς
667 914 782 988 ἀνήρ
813 916 1072 973 γενόμενος,
1115 916 1326 962 οὐδέποτε
1364 919 1412 962 ἐν
1449 925 1546 970 ταῖς
1581 917 1810 970 τοιαύταις

422 974 726 1027 περιστάσεσιν
765 973 968 1043 εφείσατο
1002 991 1235 1046 χρηματων
1274 973 1384 1019 ἄλλα
1415 977 1596 1025 διαδούς
1626 976 1811 1018 πλείονα

422 1035 512 1074 τῶν
542 1031 815 1099 αἰτουμένων
845 1029 952 1086 ταχὺ
983 1032 1057 1074 καὶ
1087 1034 1320 1100 προδοτῶν
1337 1036 1508 1088 πλῆθος
1533 1031 1712 1101 ηὕρισκε
1735 1030 1811 1075 καὶ

425 1085 672 1142 συμμαχων.
698 1092 958 1158 τοιγαροῦν
992 1104 1039 1130 εν
1075 1093 1167 1139 τοῖς
1204 1089 1443 1144 ελαχίστοις
1471 1094 1560 1133 τῶν
1591 1088 1702 1132 κατὰ
1729 1086 1813 1158 την

372 1143 654 1214 15Εύρώπην
693 1143 861 1198 εγενετο
901 1143 1139 1215 βασιλέων,
1188 1146 1264 1188 καὶ
1303 1145 1491 1201 δύναμιν
1520 1145 1719 1189 κατέλιπε
1748 1141 1812 1188 δι’

424 1196 476 1256 ἧς
517 1198 540 1244 ὁ
581 1200 888 1255 διαδεξαμενος
912 1199 1194 1255 Ἀλέξανδρος
1229 1200 1278 1245 τὸ
1315 1207 1521 1246 πλεῖστον
1560 1206 1637 1258 τῆς
1668 1203 1814 1245 οἰκον-

424 1257 558 1313 μένης
587 1259 918 1310 κατεστρεώατο.
982 1257 1177 1310 Περσεὺς
1208 1257 1254 1300 δὲ
1283 1258 1518 1327 χρημάτων
1549 1257 1814 1312 σεσωρευμέ·

424 1330 517 1357 νων
546 1318 715 1368 πληθος
745 1313 818 1357 δια
847 1331 891 1357 τε
921 1313 997 1364 τὰς
1025 1313 1238 1367 πατρικὰς
1277 1316 1352 1357 καὶ
1380 1314 1458 1366 τὰς
1494 1316 1607 1366 ἰδίας
1636 1315 1684 1357 ἐκ
1713 1316 1816 1356 πολ-

422 1374 514 1414 λων
541 1371 715 1427 χρόνων
743 1369 1024 1428 παρασκευας
1054 1368 1208 1416 οὐδενὶ
1233 1371 1382 1429 τρόπῳ
1409 1370 1582 1415 τούτων
1607 1370 1816 1427 ἐθέλησεν

564 1510 619 1544 82.
643 1508 677 1543 4.
711 1503 954 1551 ὑποφαίνων]
981 1504 1205 1563 οἷποφαίνων
1230 1508 1284 1541 ed.
1307 1508 1407 1542 Rom.
1421 1532 1432 1551 ,
1469 1516 1505 1543 et
1528 1521 1609 1542 mox
1634 1505 1818 1550 διαπορῆ-

471 1566 547 1590 σαι.
571 1558 714 1590 Diodor.
735 1558 831 1588 XIV.
854 1557 910 1589 39.
935 1553 1093 1599 μεγάλας
1112 1551 1336 1598 ὑποφαίνων
1355 1553 1459 1597 παρὰ
1477 1555 1546 1589 τοῦ
1566 1552 1743 1611 βασιλέως
1762 1551 1818 1588 ε’λ-

429 1605 433 1609 ’
472 1604 596 1642 πίδας.
624 1604 704 1635 Exc.
719 1615 753 1645 p.
765 1602 845 1635 577
868 1602 922 1636 15.
938 1600 1097 1644 μεγάλας
1111 1602 1179 1636 τοῦ
1197 1600 1391 1644 μέλλοντος
1409 1599 1634 1647 ὑποφαίνων
1652 1599 1818 1640 ἐλπίδας.

567 1650 623 1683 82.
648 1648 683 1682 5.
718 1646 888 1691 πότερον]
918 1649 1002 1681 Cod.
1028 1646 1220 1692 πρότερον.
1254 1650 1350 1681 MAI.

568 1697 622 1729 82
647 1696 681 1728 7.
707 1695 740 1728 8.
777 1692 1037 1740 ἐπιβαλλονται
1060 1715 1106 1719 -
1136 1691 1453 1738 παραβάλλονται]
1490 1689 1755 1746 ἐπιβάλλοντες
1769 1708 1817 1716 ——

473 1739 770 1787 παραβάλλοντες
786 1742 840 1774 ed.
854 1743 953 1775 Rom.
980 1741 1083 1775 Conf.
1095 1742 1216 1785 Polyb.
1230 1743 1397 1774 XXVIII.
1425 1741 1458 1774 9.
1477 1738 1510 1773 4.
1520 1741 1591 1795 qui
1610 1751 1689 1772 mox
1706 1733 1814 1773 αυτό.

568 1785 705 1822 8214.
737 1787 938 1831 τοιγαροῦν
962 1784 1044 1830 ου’κ]
1078 1788 1255 1821 Particula
1289 1787 1450 1831 negativa
1482 1783 1553 1819 οὐκ
1586 1797 1659 1819 non
1693 1792 1746 1818 est
1777 1784 1817 1817 in

477 1835 611 1875 codice,
635 1846 725 1878 quae
751 1842 865 1867 tamen
891 1834 1052 1868 addenda
1076 1834 1276 1867 videbatur.
1325 1833 1466 1877 Alioqui
1492 1832 1678 1865 dicendum
1702 1836 1816 1864 esset:

475 1894 588 1927 quare
608 1882 670 1926 qui
690 1882 727 1913 in
746 1882 905 1914 minimis
924 1884 1093 1926 Europae
1108 1880 1253 1925 regibus
1272 1889 1381 1912 antea
1401 1879 1613 1912 censebatur
1630 1876 1819 1911 et0.MA1.

474 1930 568 1961 Bene
602 1939 621 1960 a
655 1939 710 1959 me
741 1933 874 1959 textum
900 1927 1048 1960 Diodori
1083 1926 1301 1959 emendatum
1335 1925 1403 1957 fuis
1407 1937 1444 1958 se
1476 1925 1695 1957 demonstrat
1725 1925 1820 1965 Syn-

477 1974 585 2006 cellus
612 1973 666 2005 ed.
671 1972 797 2026 ⁴paris.
830 1982 864 2015 p.
883 1972 973 2012 263,
1009 1973 1101 2027 apud
1134 1984 1237 2026 quem
1263 1971 1450 2025 Philippus:
1484 1971 1614 2003 dicitur
1647 1967 1820 2022 μεγίστην

474 2030 604 2053 πασων
635 2018 709 2052 τῶν
742 2016 837 2052 κατὰ
870 2017 937 2062 τὴν
965 2015 1154 2062 Εὐρώπην
1188 2013 1384 2058 ἀναδείξας
1407 2015 1476 2059 τὴν
1499 2012 1731 2050 Μακεδόνων
1756 2009 1822 2057 ἄρ·

474 2062 555 2108 χήν.
602 2066 717 2098 IDEM
741 2065 777 2096 in
802 2064 892 2097 Add.
941 2066 1040 2097 Hanc
1066 2065 1206 2118 quidem
1231 2064 1474 2096 defensionem
1500 2075 1542 2095 ex
1565 2063 1640 2105 ipso
1663 2059 1821 2094 Diodoro

475 2123 600 2155 parare
635 2111 765 2144 licebat
787 2112 884 2143 XVI.
912 2111 943 2144 1.
977 2104 1088 2149 οὗτος
1119 2107 1190 2164 γὰρ
1217 2106 1429 2162 ἐλαχίσταις
1463 2105 1653 2152 ἀφορμαῖς
1686 2101 1822 2158 χρησά-

475 2169 586 2200 μενος
608 2157 780 2199 μεγίστην
804 2167 878 2188 των
902 2154 997 2190 κατοὶ
1021 2153 1091 2200 τὴν
1116 2152 1303 2199 Εὐρώπην
1329 2154 1555 2188 δυναστειῶν
1579 2148 1822 2186 κατεσκεύασε

475 2203 545 2246 τήν
570 2203 672 2236 ἰδίαν
697 2202 906 2247 βασιλείαν,
934 2203 1001 2235 nisi
1026 2203 1183 2235 indidem
1205 2201 1454 2234 defenderetur
1480 2199 1611 2233 codicis
1636 2199 1824 2241 scriptura.

475 2249 579 2282 Conf.
601 2250 769 2282 Demetrii
783 2248 942 2281 Phalerei
962 2249 1006 2280 de
1027 2247 1256 2281 MacedonIae
1278 2247 1340 2279 sub
1361 2247 1472 2290 prima
1485 2245 1641 2288 Philippi
1661 2251 1824 2286 tempora

476 2296 693 2329 obscuritate
710 2295 825 2327 Iocum
842 2294 981 2337 infrap
987 2294 1074 2327 ..81
1100 2294 1154 2326 ed.
1177 2295 1276 2326 Rom.
1313 2293 1437 2337 Neque
1456 2292 1514 2336 qui
1532 2290 1705 2334 μεγίστην
1723 2289 1824 2323 dixe-

474 2349 559 2375 runt
577 2341 734 2383 Philippi
755 2339 944 2383 βασιλείαν
959 2340 1066 2372 iidem
1092 2337 1161 2373 οὐκ
1182 2336 1371 2393 ἐλαχίστην
1391 2339 1555 2371 dixerint.

569 2387 624 2442 82.
651 2387 705 2420 18.
728 2384 888 2437 πλῆθος]
914 2392 995 2418 ante
1014 2387 1082 2418 hoc
1099 2386 1199 2418 deest
1226 2382 1330 2427 ε’,χων
1356 2385 1423 2418 n-isi
1439 2383 1620 2418 πλείστων
1635 2388 1696 2417 aut
1714 2388 1826 2416 σεσω-

474 2431 657 2478 ρευμένον
681 2429 853 2476 πλήθους
876 2432 931 2465 vel
955 2429 1187 2475 σεσωρενκως
1209 2431 1358 2476 πλῆθος
1380 2431 1568 2464 scribatur.

521 2556 752 2592 82.12.1)ε
777 2556 938 2601 Philippi
960 2555 1177 2590 liberalitate
1200 2553 1290 2590 safiS
1312 2556 1364 2589 est
1394 2554 1515 2599 legere
1536 2551 1739 2588 modorum
1759 2559 1826 2586 no

429 2606 542 2639 strum
562 2605 654 2639 XVL
679 2602 734 2637 55.
769 2603 867 2637 MAI.

524 2649 867 2694 82.14.Ρο1)1)ἰιιε
892 2650 918 2684 1.
942 2648 976 2683 2.
1011 2659 1162 2692 reg-num
1185 2645 1419 2681 Macedonum
1441 2646 1487 2679 ab
1510 2644 1713 2679 hadriatico
1735 2639 1829 2677 mari

431 2707 543 2739 usque
568 2697 613 2730 ad
646 2696 774 2729 Istrum
795 2694 947 2738 patuisse
973 2695 1159 2736 observat,
1197 2704 1277 2726 cum
1301 2692 1494 2725 maximum
1518 2691 1608 2733 fuit,
1642 2694 1724 2724 ante
1744 2688 1830 2723 Ale-

434 2743 616 2776 xandrum.
664 2742 720 2775 Ita
744 2742 819 2774 fere
841 2740 996 2784 loquitur
1020 2740 1125 2774 etiam
1153 2739 1274 2773 Livius
1294 2738 1398 2772 xm.
1422 2737 1457 2771 9.
1490 2737 1589 2770 MAI.

528 2787 669 2823 8219.
699 2786 819 2821 Persei
843 2786 1026 2830 pecuniam
1050 2785 1236 2819 aestimare
1259 2784 1343 2818 licet
1367 2795 1410 2817 ex
1429 2782 1530 2818 Livio
1549 2781 1653 2817 XLV.
1677 2777 1748 2818 40,
1772 2776 1831 2812 Ci-

436 2833 628 2915 {erfflde
651 2833 713 2868 off.
732 2834 776 2868 11.
796 2833 857 2868 22.
869 2844 882 2875 3
906 2832 1023 2868 Plinio
1041 2832 1206 2868 XXXIII.
1231 2835 1316 2867 sect.
1336 2829 1406 2872 1⁷;
1436 2829 1578 2865 Valerio
1598 2827 1695 2863 Max.
1713 2824 1772 2862 IV.
1794 2823 1833 2859 3
