1968 3346
347 205 431 247 126
494 199 796 249 EXCERPTA
825 199 1113 246 VATICANA
1140 201 1191 242 L.
1214 200 1592 248 XXXV11.-XL.

347 317 404 374 τῇ
431 317 509 370 τῆς
533 310 708 384 Ῥώμης
729 310 944 386 ἡγεμονίᾳ
972 312 1048 357 καὶ
1077 314 1167 356 τῶν
1195 312 1238 365 ἐξ
1269 314 1428 366 αἰῶνος
1456 312 1649 387 ἀρίστων
1674 320 1742 363 κεσ-

348 372 567 439 αριμένων
606 369 829 414 ἐλθόντων
868 370 929 421 εἰς
967 372 1136 424 αἳρεσιν
1173 369 1250 414 καὶ
1280 373 1538 442 φιλοτιμίαν
1567 370 1591 417 ὁ
1620 372 1742 445 γενό-

350 445 480 500 μενος
493 425 696 498 πόλεμος
725 428 786 477 εἰς
817 424 1073 498 ὑπερβολήν
1103 426 1318 497 μεγέθους
1355 428 1644 500 κατήντησεν,
1688 429 1741 483 ὃς

350 482 593 556 ωνομάσθη
623 482 858 538 Μαρσικὸς
896 483 984 528 ἀπὸ
1021 486 1113 528 τῶν
1147 482 1352 541 άρχηγῶν
1379 487 1633 543 γενομένων
1659 491 1740 546 τῆς

323 541 631 592 5ἄποστάσεως
661 544 879 597 Μάρσων.

460 618 649 666 11.‘'On
678 618 868 692 Μάρκος
898 617 1081 676 Κάτων,
1113 618 1226 677 άνήρ
1256 618 1472 693 σώφρων
1478 622 1554 666 καὶ
1583 620 1738 693 οἷγωγῇ

346 681 473 751 καλῇ
481 677 719 749 διαφέρων,
747 677 795 721 έν
816 677 1043 750 συγκλήτῳ
1072 693 1335 749 κατηγορων
1356 681 1435 734 τῆς
1455 676 1739 734 ἓπιπολαζου-

347 748 426 806 σης
455 736 503 779 ἐν
530 738 585 793 τῇ
610 732 751 804 Ρώμῃ
780 737 954 790 τρυφῆς
983 733 1144 791 ε’φησεν
1165 735 1212 777 ἐν
1219 734 1374 807 μόνη
1384 738 1441 804 τῇ
1459 735 1582 780 πόλει
1598 735 1739 809 ταύτῃ

345 793 402 836 τα
429 792 510 850 μὲν
537 788 721 846 κεράμια
750 795 841 834 τῶν
864 794 1099 835 Ποντικῶν
1127 791 1318 846 ταρίχων
1345 789 1563 864 ὑπάρχειν
1587 809 1742 850 τιμιω-

292 859 451 906 1οτερα
478 865 570 892 των
601 850 898 905 ζευγηλατων,
927 847 1036 899 τούς
1065 846 1108 892 δ’
1139 847 1388 904 ἐρωμένους
1416 865 1508 892 των
1537 848 1703 906 ἀγρῶν.

448 917 550 961 ’Ότι
580 918 717 972 φησὶν
747 915 772 959 ὁ
803 913 1026 970 ἱστορικός
1044 914 1302 971 Διόδωρος,
1332 916 1666 974 Μνησθήσομαί
1682 934 1743 963 τι·

345 991 439 1020 νων
478 975 830 1043 παραδείγματος
867 971 993 1016 ἕνεκα
1031 973 1106 1016 καὶ
1143 972 1327 1017 ἐπαίνου
1361 975 1538 1019 δικαίου
1566 975 1643 1019 καὶ
1678 977 1744 1046 τῷ

345 1035 485 1090 κοινῷ
525 1032 606 1088 βίῳ
643 1029 971 1099 συμφέροντος,
1025 1027 1087 1071 ι’ν’
1128 1031 1172 1072 οἱ
1201 1029 1281 1086 μὲν
1312 1031 1502 1086 πονηροὶ
1535 1035 1628 1075 τῶν
1666 1029 1742 1077 ἆν-

346 1089 546 1144 θρωπων
586 1086 661 1130 δια
701 1090 778 1142 τῆς
814 1103 927 1130 κατα
968 1083 1049 1141 τὴν
1087 1086 1288 1155 ἱστορίαν
1326 1090 1605 1159 βλασφημίας
1634 1085 1742 1133 ἄπο-

291 1149 591 1217 15τρέπωνται
619 1146 696 1200 τῆς
726 1143 794 1186 ἐπὶ
825 1142 907 1199 τὴν
933 1143 1095 1186 κακίαν
1129 1141 1290 1198 ὁρμῆς,
1324 1145 1368 1186 οἱ
1397 1144 1444 1187 δὲ
1474 1143 1637 1200 α’γαθοὶ
1665 1143 1741 1191 διὰ

347 1202 454 1255 τούς
487 1203 534 1245 ἐκ
563 1204 638 1255 τῆς
669 1200 855 1243 αἰωνίου
867 1203 996 1270 ζωῆς
1026 1199 1233 1251 ἐπαίνους
1262 1198 1518 1256 ἀντέχεσθαι
1545 1218 1636 1246 των
1662 1218 1740 1246 κοι-

344 1264 437 1304 ἰῶν
467 1256 824 1313 ἐπιτηδευμάτων
855 1254 1108 1310 ὀρέγωνται

447 1325 548 1371 ’Ὅτι
573 1323 622 1367 τὸ
648 1321 970 1393 προϋπάρχον
977 1323 1038 1372 εἰς
1060 1321 1143 1392 τὴν
1171 1321 1414 1379 ἡγεμονίαν
1429 1328 1570 1394 μῖσος
1598 1322 1626 1381 ἦ
1656 1328 1739 1369 τοῦ

349 1385 601 1440 στρατηγοῦ
633 1379 806 1431 σύνεσις
834 1380 909 1423 καὶ
943 1376 1074 1451 ἀρετὴ
1104 1384 1198 1431 τοῖς
1236 1378 1536 1450 ἐνδεχομένως
1573 1380 1738 1439 βοηθή-

288 1453 457 1510 ρομασι
490 1437 831 1492 διωρθώσαντο,
882 1435 958 1480 καὶ
1000 1451 1118 1491 παρα
1161 1436 1240 1492 μὲν
1284 1443 1378 1488 τοῖς
1417 1434 1807 1494 εὐεργετηθεῖσι115

345 1502 485 1555 τιμῶν
527 1493 719 1539 ἰσοθέων
758 1493 901 1549 ε’τυχε,
951 1492 1073 1547 παρὰ
1122 1493 1169 1536 δὲ
1215 1510 1305 1538 των
1341 1497 1534 1539 πολίτων
1572 1496 1738 1548 πολλὰς

344 1554 531 1614 άμοιβας
566 1567 658 1596 των
687 1548 1051 1606 κατορθωμάτων
1082 1547 1162 1593 ἆπε
1153 1549 1282 1607 ’.λαβε

459 1635 534 1675 ΙΙΙ.
574 1629 752 1684 Ῥητέον
782 1629 828 1673 δὲ
865 1627 971 1686 ημῖν
1000 1628 1074 1671 καὶ
1103 1625 1202 1684 περὶ
1230 1632 1322 1672 τῶν
1354 1630 1402 1673 ἐκ
1425 1630 1738 1685 ταπεινοτέρας

341 1709 424 1750 μεν
454 1690 583 1746 δόξης
614 1686 925 1743 ὁρμηθέντων,
968 1683 1241 1742 ὀρεχθέντων
1281 1686 1328 1730 δὲ
1365 1689 1442 1744 τῆς
1472 1686 1622 1743 ἑτέρας
1649 1687 1739 1757 ἐπι-

464 1804 564 1839 ’126-
590 1804 623 1837 6.
661 1796 736 1843 ότι]
763 1800 909 1857 incipit
915 1800 1048 1834 codicis
1073 1813 1109 1845 p·
1129 1800 1212 1835 233.

483 1851 563 1886 126.
591 1850 623 1883 8.
657 1845 793 1902 εφησεν
817 1845 869 1893 ἐν]
897 1844 1035 1890 ἔφησεν
1059 1848 1116 1880 ed.
1140 1848 1244 1881 Rom·
1255 1870 1266 1889 ‚
1293 1857 1382 1892 quae
1405 1857 1486 1881 mox
1508 1845 1693 1904 ταρύχων-
1718 1864 1723 1885 ,-

482 1898 559 1932 126.
587 1897 640 1929 10.
655 1887 866 1937 ερομένους]
883 1893 967 1926 Cod.
983 1891 1182 1947 ῥωμαίους.
1196 1895 1292 1926 ΜΑΙ.
1313 1893 1500 1927 Caeterum
1513 1892 1555 1930 δὲ
1567 1896 1622 1930 ed.
1635 1897 1736 1930 Rom.

482 1944 562 1978 126.
588 1940 644 1976 14
678 1938 973 1982 αποτρέπωνται]
1002 1935 1275 1994 αποτρέπονται
1300 1940 1355 1972 ed.
1379 1941 1482 1973 Rom.

483 1990 563 2025 126.
595 1987 650 2021 15.
688 1984 748 2021 ἐπὶ
772 1984 839 2031 τήν
864 1984 1013 2028 κακίαν]
1042 1981 1116 2020 άπὸ
1142 1985 1209 2030 τῆς
1232 1985 1363 2026 κακίας
1389 1986 1448 2022 ed.
1468 1987 1572 2022 Rom.

482 2036 562 2071 126.
589 2035 645 2067 16.
678 2031 784 2075 τους]
813 2033 898 2065 Cod.
923 2032 998 2086 τῆς.
1032 2034 1132 2065 ΜΑΙ.

482 2082 561 2116 126.
587 2080 642 2114 17·
680 2076 895 2122 ὀρέγωνται]
922 2074 1113 2122 ὀρέγονται
1137 2078 1192 2112 ed.
1218 2079 1321 2112 Rom.

485 2128 565 2162 126.
591 2127 648 2159 20.
684 2123 970 2177 διωρθώσαντο]
994 2126 1049 2158 Ita
1074 2125 1154 2157 cod.
1187 2125 1284 2159 MAI.

484 2174 562 2207 126.
587 2170 644 2205 24.
680 2137 826 2229 δόξης]
840 2167 953 2213 τύχης
984 2177 1278 2224 exspectaveram.
1325 2166 1503 2203 Diodorus
1536 2168 1563 2202 1
1580 2169 1625 2204 11.
1650 2179 1681 2203 c.
1699 2166 1733 2202 4·

389 2217 430 2256 ἐκ
453 2216 631 2262 ταπεινῆς
653 2215 766 2262 τύχης
791 2216 844 2257 εις
867 2213 1093 2260 τηλικαύτην
1116 2211 1291 2259 προήχθη
1316 2211 1444 2257 δόξαν.

434 2330 516 2366 126.
539 2329 573 2365 5.
610 2330 705 2375 Lege
728 2328 931 2373 Appianum
954 2326 1394 2362 be11.civ.1.38.MA1.

432 2376 598 2412 126.10.
631 2378 736 2410 Extat
760 2375 838 2409 aliis
863 2374 981 2408 τοι-δῖε
1004 2374 1265 2408 narratiuncula
1287 2373 1376 2407 haec
1396 2371 1461 2406 lib.
1481 2370 1627 2405 XXXII.
1644 2369 1709 2406 L
1697 2381 1734 2405 m

341 2424 513 2468 excerptis
535 2422 727 2462 vaticanis,
760 2421 820 2455 sed
843 2420 894 2454 ibi
926 2420 1053 2455 dicitur
1077 2421 1164 2454 Cato
1187 2420 1222 2453 in
1245 2419 1368 2463 populi
1392 2417 1559 2452 concione
1581 2417 1731 2459 locutus,

341 2470 422 2504 heic
453 2470 490 2503 in
519 2473 651 2503 senatu.
701 2468 822 2510 Neque
845 2467 1010 2501 abhorret
1034 2478 1055 2500 a
1079 2477 1176 2500 more
1200 2466 1338 2509 queruli
1362 2462 1607 2506 mordacisque
1639 2461 1733 2496 senis

343 2516 505 2557 Catonis,
531 2518 571 2549 ut
593 2526 668 2548 rem
693 2514 836 2547 eandem
853 2513 907 2546 bis
930 2513 1069 2546 dixerit.
1117 2513 1238 2546 Nonne
1260 2523 1345 2545 vero
1363 2511 1438 2555 ipse
1456 2509 1579 2544 Cicero
1599 2512 1675 2542 tum
1694 2507 1731 2542 ἰιι

340 2563 439 2596 curia
462 2566 536 2595 tum
560 2572 679 2595 coram
701 2560 848 2603 populo,
872 2563 949 2602 post
971 2570 1075 2593 suum
1098 2559 1144 2592 ab
1164 2557 1268 2592 exilio
1282 2557 1456 2600 reditum,
1482 2554 1636 2590 eiusdem
1655 2554 1725 2588 fer-

340 2620 399 2643 me
421 2607 609 2642 sententiae
632 2607 825 2640 orationem
847 2604 1115 2648 pronunciavit?
1149 2604 1247 2639 MAI.

433 2653 595 2688 12617.
625 2651 829 2686 Familiaris
851 2651 1006 2685 Diodoro
1029 2650 1238 2684 consuetudo
1259 2648 1424 2683 laudibus
1440 2649 1474 2681 et
1495 2643 1728 2690 vituperatio-

339 2699 444 2734 nibus
467 2710 578 2742 aeque
600 2697 822 2742 indulgendi,
846 2708 952 2740 quam
977 2697 1065 2731 alibi
1088 2697 1159 2730 iam
1182 2695 1394 2729 notavimus.
1425 2693 1525 2726 MAI.

433 2745 513 2780 126.
539 2745 594 2779 22.
631 2744 808 2778 Incertum
831 2753 867 2776 es
871 2746 883 2776 t
906 2743 949 2776 de
968 2755 1036 2786 quo
1056 2742 1200 2776 homine
1217 2742 1352 2775 locutus
1371 2739 1535 2773 hocloco
1552 2736 1726 2771 Diodorus

337 2790 471 2831 fuerit3
514 2801 664 2833 namque
695 2788 914 2833 eclogarius,
944 2789 1048 2825 noxio
1080 2799 1164 2825 sane
1193 2787 1364 2823 historiae
1387 2783 1552 2827 consilio,
1582 2782 1727 2828 politica

338 2837 508 2873 sententia
531 2839 710 2872 contentus
733 2834 944 2871 fuit.MA1.
1620 2859 1622 2861 .
1712 2857 1722 2863 ,
1928 2804 1934 3086 Ι

1790 2923 1803 2952 2⁵
