1968 3346
115 467 222 514 Appii
236 468 381 504 Claudii
395 472 432 505 in
449 473 538 507 Sici-

168 525 261 559 liam
295 527 472 562 adventus
501 535 538 563 et

169 592 305 626 anceps
322 574 472 618 fortuna

111 636 211 670 Coss.
235 638 274 671 in
293 639 419 674 Sicilia
449 653 536 675 cum

168 694 335 729 urbibus.
362 697 535 742 plurimis

165 749 317 795 ipsoque
371 753 533 788 Hierone

165 806 316 843 foedera
365 831 367 833 ·

103 860 256 895 Obsidio
288 864 458 899 vicorum
492 867 531 900 in

161 918 284 954 Sicilia
295 922 531 966 quorundam

161 975 207 1007 ab
229 977 406 1012 Romanis
431 980 530 1013 frus—

160 1036 219 1065 tra
236 1031 407 1068 instituta

101 1085 310 1122 Sicularum
335 1091 484 1124 urbium
505 1103 528 1125 a

157 1145 526 1191 Carthaginiensibus

154 1200 199 1232 ad
214 1202 403 1237 Romanos
422 1204 524 1237 dese—

132 1256 299 1291 ‚ctiones
350 1262 357 1269 '

99 1311 324 1348 Philemonis
379 1315 524 1350 fabula-

153 1380 239 1402 rum
261 1376 299 1404 et
325 1382 521 1416 annorum,

151 1436 242 1470 quos
260 1426 364 1471 vixit,
391 1439 521 1463 nume-

107 1505 116 1508 >
150 1492 213 1516 rus

94 1537 340 1583 Agrigentum
379 1542 518 1576 Roma-

151 1594 206 1626 nis
224 1595 404 1630 traditum

92 1648 285 1684 Hannonis
323 1652 363 1685 in
392 1653 517 1688 Sicilia

150 1706 272 1741 clades

91 1762 279 1796 Hannibal
307 1764 423 1798 cladis
451 1777 517 1801 na—

147 1819 239 1853 valis
248 1831 409 1865 poenam
421 1822 514 1857 effu—

146 1875 201 1921 git

87 1931 279 1967 Hannonis
334 1939 514 1981 stratege-

142 1999 217 2023 ma.
267 1990 515 2036 Agrigentum

142 2045 188 2079 ab
230 2047 406 2081 Romanis
453 2060 515 2081 ca·

141 2106 262 2146 ptum.
323 2104 516 2138 Hannonis

139 2169 269 2202 poena.
319 2160 515 2195 Hamilcar

141 2214 218 2248 eius
225 2226 421 2249 successor.
429 2218 512 2261 My-

110 2298 116 2302 .
139 2269 306 2305 tistratus
375 2272 512 2307 frustra

140 2326 185 2359 ab
225 2328 400 2362 Romanis
443 2329 510 2363 ob-

139 2393 268 2418 sessus.
322 2385 508 2419 Hamilca-

138 2438 189 2472 ris
243 2445 281 2472 et
321 2442 509 2475 Romano-

139 2506 225 2529 rum
246 2495 285 2528 in
302 2496 430 2530 Sicilia
448 2507 507 2531 res

138 2558 275 2597 gestae.
440 2584 444 2589 ,

83 2608 403 2654 Carthaginienses
413 2617 526 2655 pree-¹.

93 2696 97 2698 .
138 2665 189 2698 lio
205 2665 295 2703 victi

81 2721 215 2766 Reguli
229 2722 398 2767 superbia
414 2734 503 2770 erga

137 2778 457 2824 Carthaginienses

645 187 682 228 L
715 187 807 228 113.
864 189 1161 234 xia—XL.

604 304 782 349 Excerpta

627 360 762 397 Valesii

881 307 1063 351 Excerpta

889 587 970 623 501.
991 585 1047 622 24.

898 813 979 850 501.
998 813 1058 849 30.

893 1036 974 1072 502.
998 1036 1057 1073 51.

884 1482 969 1518 502.
991 1479 1048 1517 64.

883 1598 964 1633 502.
990 1597 1048 1632 66.

880 1710 960 1747 502.
986 1710 1044 1745 71.

812 2557 1060 2598 502.·84.·a-20.

863 2783 944 2820 503.
970 2785 1028 2821 21.

867 363 1076 398 Hoeschelii

1156 309 1337 356 Excerpta

1163 367 1340 403 Vaticana

1152 1880 1207 1917 55„
1232 1877 1263 1917 4,

1145 2674 1202 2710 55.
1220 2674 1276 2709 21.

1149 2786 1205 2820 56.
1232 2787 1268 2822 9.

1599 203 1687 243 225

1435 315 1657 362 Fragmenta

1428 2786 1571 2822 XLVII.
