1968 3346
382 265 466 305 102
634 258 935 301 EXCERPTA
962 259 1249 302 VATICANA
1278 261 1326 301 L.
1352 259 1527 301 XXXII.

494 370 594 416 ’Ὅτι
621 369 650 429 ἡ
683 369 789 427 τύχη
819 373 939 441 [παρ]
981 368 1183 426 καθάπερ
1215 370 1409 428 ἐπίτηδες
1441 369 1785 425 οἷγωνοθετοῦσα

393 426 472 481 τὰς
502 430 748 485 συμμαχίας
778 427 960 480 ἐναλλάξ
989 433 1082 479 τοῖς
1112 430 1428 485 διαπολεμοῦσι
1456 429 1699 485 παρείχετο.

499 506 599 550 ’Ὅτι
634 505 662 563 ἦ
702 505 941 563 σύγκλητος
970 506 1239 577 πρεσβευτάς
1277 505 1568 559 ἐξαπέστειλεν
1605 509 1666 559 εἰς
1702 522 1843 564 την92

393 561 544 608 Ἀσίαν
573 564 678 615 τούς
706 564 1035 615 καταλύσοντας
1064 563 1143 608 τὸν
1167 563 1359 620 πόλεμον
1393 565 1681 636 Νικομήδους
1711 566 1788 609 καὶ

372 621 632 674 5Προυσίου
661 625 742 664 τοῦ
772 622 890 665 ἰδίου
919 619 1105 674 πατρός,
1143 622 1216 664 καὶ
1247 623 1383 666 εἵλετο
1421 621 1588 676 ἄνδρας
1618 624 1679 673 εἰς
1707 621 1789 678 τὴν
1822 668 1827 673 ,

400 678 638 732 πρεσβείαν
662 680 864 721 Λικίνιον
892 676 1165 733 ποδαγρικὸν
1193 679 1266 721 καὶ
1292 682 1552 734 Μαγκῖνον,
1583 679 1632 730 ὃς
1662 695 1792 722 κατα-

400 734 659 789 τετρημένος
689 736 747 805 ἠν
783 735 863 790 τὴν
899 734 1096 805 κεφαλὴν
1132 738 1366 790 κεραμῖδος
1400 735 1688 806 ἐπιπεσούσης
1715 735 1791 779 καὶ

400 790 467 834 τὸ
489 795 641 834 πλεῖον
678 791 808 846 μέρος
847 796 936 835 τῶν
975 790 1118 836 ὀστῶν
1157 792 1442 863 ἐξῃρημένος,
1485 793 1560 835 καὶ
1598 791 1791 836 Λεύκιον

403 852 627 898 παντελῶς
673 847 958 918 αναίσθητον.
1009 846 1033 892 ὁ
1075 847 1121 891 δὲ
1157 849 1320 892 Κάτων
1356 848 1671 920 ἀφηγούμενος
1708 851 1792 892 τοῦ

349 906 642 958 1Οσυνεδρίου
671 906 745 948 καὶ
777 904 949 948 συνέσει
979 905 1204 961 διαφέρων
1242 903 1361 949 εἶπεν
1396 906 1442 949 έν
1480 923 1532 975 τη
1565 904 1791 976 συγκλήτῳ

406 960 522 1005 διότι
550 963 784 1017 πρεσβείαν
815 959 1133 1019 αποστέλλρμεν
1161 962 1261 1006 οὔτε
1291 961 1431 1013 πόδας
1459 949 1559 1006 οὐτε
1593 963 1793 1018 κεφαλήν

405 1017 507 1061 οὔτε
536 1020 723 1073 καρδίαν
752 1018 953 1087 ἔχουσαν.
985 1020 1117 1070 οὐτος
1144 1020 1224 1075 μὲν
1245 1021 1330 1064 οὐν
1356 1018 1436 1076 τὴν
1464 1018 1695 1076 εὐστοχίαν
1722 1035 1793 1063 πε-

405 1074 614 1131 ριβόητον
642 1074 736 1131 ἔσχε
765 1092 876 1119 κατα
902 1092 982 1132 την
1013 1075 1154 1120 πόλιν.

520 1166 613 1207 VII.
651 1164 750 1209 “On
788 1166 899 1209 κατὰ
934 1183 1014 1222 την
1051 1166 1311 1236 πολιορκίαν
1349 1168 1667 1235 Καρχηδονίων
1702 1164 1796 1210 Ἀσ->

352 1220 605 1278 15δρούβας
639 1224 1092 1280 διαπρεσβευσάμενος
1119 1224 1231 1279 πρός
1251 1221 1482 1280 Γολόσσην
1509 1229 1793 1279 παρεκαλειτο

549 1347 628 1384 102.
656 1347 687 1381 1
717 1345 980 1392 παρκαθάπερ]
1015 1350 1068 1381 Ita
1099 1348 1179 1382 cod.
1213 1354 1249 1383 et
1279 1355 1439 1384 notemus
1470 1361 1635 1394 graecum
1667 1349 1794 1385 adver-

455 1392 572 1432 bium,
596 1394 665 1426 nisi
690 1394 851 1426 mendum
878 1401 942 1428 est.
981 1396 1078 1427 MAI.

549 1420 628 1475 1Ὀ2.
651 1440 685 1473 2.
718 1437 886 1482 ἐναλλὰξ]
916 1437 1068 1482 ἐνάλλαξ
1093 1440 1148 1474 ed.
1172 1441 1274 1474 Rom.

552 1486 630 1520 102.
655 1483 689 1519 4.
720 1484 1011 1529 καταλνσοντας]
1032 1483 1310 1528 καταλύσαντας
1333 1488 1390 1521 ed.
1413 1490 1517 1524 Rom.

551 1533 686 1566 1026
719 1532 899 1576 Λικίνιον]
926 1533 1126 1567 Λυκίννιον
1149 1534 1205 1567 ed.
1229 1536 1331 1567 Rom.

555 1579 633 1613 102.
658 1579 690 1612 6.
727 1578 938 1623 Μαγκῖνον]
968 1578 1212 1623 ,Μαγνούσιον
1244 1581 1300 1612 ed.
1325 1581 1446 1622 Rom„
1487 1578 1678 1614 Mam'vcov
1709 1591 1796 1624 pro-

459 1624 540 1669 pius
572 1637 690 1657 verum
720 1627 885 1670 Polybius
918 1628 999 1660 Exc.
1032 1628 1147 1660 Vatic.
1189 1639 1225 1670 p.
1245 1623 1326 1661 449.
1374 1629 1553 1672 Frequens
1586 1627 1679 1660 circa
1711 1627 1800 1660 haec

459 1677 621 1715 tempora
646 1673 877 1704 Hostiliorum
899 1674 1141 1706 Mancinorum
1166 1674 1345 1705 memoria.

499 1722 502 1724 '
554 1717 632 1751 102.
656 1718 688 1751 6.
723 1716 1053 1772 κατατετρημένος]
1077 1716 1344 1761 κατετρημένος
1367 1718 1423 1752 ed·
1446 1720 1550 1753 Rom.

554 1761 714 1797 10214.
748 1760 817 1806 ότι]
845 1765 971 1809 incipit
997 1765 1130 1798 codicis
1154 1779 1189 1809 p·
1208 1762 1289 1801 214.

526 1810 631 1888 d102.
659 1808 714 1846 15.
756 1809 1011 1856 παρεκαλεῖτο]
1054 1818 1117 1846 aut
1148 1811 1384 1856 προεκαλεῖτο
1419 1818 1478 1846 aut
1511 1805 1709 1854 παρεκάλει
1742 1810 1803 1844 di·-

459 1867 523 1888 cen
550 1867 607 1888 um

508 1966 591 2003 102.
616 1967 650 2002 2.
683 1980 751 2010 τας
775 1970 981 2014 συμμαχίας
1006 1968 1157 2012 ἐναλλὰξ
1180 1987 1226 1993 -
1249 1968 1459 2023 παρείχετο]
1484 1967 1688 2003 'Transierat
1708 1966 1804 2001 enim

413 2011 457 2046 ad
482 2013 663 2047 Romanos
685 2015 882 2049 Phamaeas
906 2017 1066 2058 Poenus,
1089 2021 1128 2050 ut
1147 2020 1268 2050 narrat
1290 2015 1471 2059 Appianus
1495 2015 1616 2050 Punic.
1641 2015 1799 2048 (3⁸11.—

416 2059 530 2100 cm,
565 2060 610 2093 ad
633 2061 768 2095 Poenos
790 2067 907 2096 autem
930 2063 1082 2107 Bithyas
1105 2062 1256 2097 Numida
1287 2073 1366 2094 cum
1397 2061 1609 2105 octingentis
1631 2060 1805 2103 equitibus

416 2104 460 2138 de
483 2105 636 2139 exercitu
661 2106 833 2141 Gulussae
856 2109 949 2142 Rom
953 2120 1100 2142 anorum
1122 2108 1230 2149 socii,
1255 2112 1295 2141 ut
1316 2108 1464 2150 Appian
1467 2119 1496 2141 1³
1518 2107 1604 2141 ibid
1633 2107 1721 2140 cxl.

510 2151 590 2185 102.
615 2152 648 2184 2.
680 2153 836 2188 Pertinet
865 2155 955 2188 haec
985 2155 1158 2198 particula
1189 2154 1234 2188 ad
1268 2153 1488 2197 quotidianas
1520 2164 1609 2196 quae
1639 2153 1703 2185 sub
1739 2151 1804 2184 ob-

416 2208 530 2230 sessae
553 2198 778 2251 Carthaginis
801 2200 941 2233 moenia
965 2201 1114 2241 fiebant,
1139 2210 1296 2244 pugnas3
1321 2199 1515 2233 alternante
1532 2209 1712 2231 armorum
1731 2197 1804 2230 for—

415 2243 748 2323 {apazYutiMlgqere
769 2245 854 2280 licet
875 2248 967 2291 apud
991 2246 1189 2290 Appianum
1213 2257 1294 2290 pun.
1315 2246 1405 2279 XCV
1407 2246 1451 2278 ΙΙ.
1471 2256 1545 2288 sqq.
1571 2249 1606 2279 et
1628 2245 1805 2278 Zonaram

512 2335 590 2368 102.
615 2334 649 2368 5.
685 2336 832 2370 Photius
863 2336 898 2371 in
927 2336 1009 2370 libri
1030 2336 1179 2373 XXXII.
1212 2339 1338 2380 quartu
1369 2337 1494 2381 ecloga
1526 2336 1636 2370 habet
1659 2333 1805 2368 Prusiae

419 2392 539 2415 necem
564 2382 608 2414 ab
633 2381 743 2425 impio
772 2383 846 2416 filio
870 2384 1058 2417 Nicomede
1084 2387 1278 2427 patrxatam
1311 2383 1402 2416 unde
1431 2382 1615 2416 commode
1643 2380 1803 2426 agnosci-

420 2438 500 2461 mus
523 2427 677 2461 vaticani
700 2428 805 2464 huius
829 2431 981 2473 excerpti
1004 2429 1131 2465 iustam
1154 2430 1282 2463 sedem.
1320 2429 1418 2463 MAI.

514 2473 595 2508 102.
619 2473 652 2507 6.
687 2475 726 2508 In
758 2475 899 2519 Polvbii
931 2475 1104 2509 vaticanis
1134 2475 1302 2519 excerptis
1334 2474 1486 2510 occurrit
1516 2475 1605 2509 haee
1635 2471 1805 2512 narratio,

421 2518 512 2552 unde
534 2519 695 2563 plagium
719 2520 865 2554 Diodori
887 2533 951 2566 cote,
942 2521 1146 2562 noscimus,
1178 2522 1236 2555 sed
1260 2521 1312 2554 ibi
1336 2521 1462 2554 dicitur
1485 2521 1593 2554 Aulus
1620 2519 1805 2552 Maciuius.

420 2565 533 2599 Porro
557 2571 594 2598 ut
617 2565 792 2600 Diodorus
814 2567 1096 2611 P‹›1)bium‚ita
1118 2569 1213 2602 hunc
1236 2568 1294 2601 vel
1316 2566 1418 2600 illum
1441 2565 1608 2609 expressit
1630 2563 1806 2618 Appianas

423 2610 581 2644 mithrid.
607 2623 683 2655 cap.
705 2613 769 2655 ΙΙ,
803 2612 939 2647 omissis
968 2619 1083 2647 tannen
1116 2615 1314 2658 l(·g·at01um
1335 2613 1544 2647 nominibus
1591 2612 1637 2646 Et
1659 2611 1694 2643 in
1719 2609 1806 2643 Dio-

423 2657 499 2689 dori
523 2657 663 2699 quidem
697 2659 903 2702 fragmentis
926 2660 1025 2693 editis
1050 2660 1137 2693 nihil
1159 2664 1315 2701 superest
1337 2659 1379 2692 de
1403 2664 1600 2692 controvser
1595 2657 1639 2691 iu
1663 2657 1749 2690 P·s1u
1735 2655 1814 2695 siae,

424 2714 505 2735 cum
529 2703 622 2745 filio,
647 2703 713 2737 nisi
736 2704 963 2747 parricidium
987 2707 1032 2739 ab
1057 2705 1167 2749 impio
1186 2705 1258 2738 filio
1277 2709 1470 2749 patruum:
1495 2704 1555 2737 sed
1576 2708 1692 2737 tamen
1714 2701 1807 2744 apud

422 2748 620 2792 Appianum
644 2749 831 2785 historiam
854 2762 920 2784 non
949 2751 1176 2795 indiligenter
1198 2750 1364 2795 scriptam
1387 2750 1548 2795 legimus.
1585 2748 1682 2781 MAI.

516 2794 594 2827 102
622 2795 676 2830 15
726 2796 878 2830 Gulussa
907 2802 982 2831 erat
1013 2810 1032 2830 e
1064 2797 1269 2832 Masinissae
1301 2796 1526 2841 regnantibus
1558 2794 1642 2828 filiis
1674 2791 1809 2833 tertius,

422 2852 526 2882 quem
550 2840 669 2884 Scipio
693 2854 772 2875 cum
797 2843 982 2878 numidicis
1012 2843 1122 2888 copiis
1146 2844 1190 2879 ad
1221 2843 1411 2878 exercitum
1434 2852 1619 2878 romanum
1642 2838 1811 2874 adiunxe-

422 2890 488 2921 rat.
530 2887 656 2921 Zonar.
681 2888 742 2924 IX.
768 2888 823 2924 27
858 2889 954 2925 MAI.
