1968 3346
151 371 330 425 κρίτους
358 365 731 436 ἄναπεπόμφεσαν
761 366 828 410 ἐπὶ
862 365 944 422 τὴν
981 365 1235 435 σύγκλητον.
1276 364 1541 437 ὡμιληκότες

153 429 200 472 δὲ
236 430 460 495 βασιλεῦσι
488 425 562 468 καὶ
592 423 769 493 δήμοις,
800 423 873 466 καὶ
893 423 973 478 τήν
993 422 1366 492 προϋπάρχουσαν
1391 423 1541 474 αὐτοῖς

151 487 306 549 φιλίαν
334 483 445 537 πρὸς
475 481 671 531 ἅπαντας
701 478 835 523 ἄνανε
840 480 1080 534 ωσάμενοι,
1116 482 1227 551 πρὸς
1256 480 1436 523 εὔνοιαν
1465 482 1544 535 τὴν

150 541 390 610 ἡγεμονίαν
420 538 684 608 ἐπηύξησαν,
715 537 789 579 καὶ
818 535 976 587 πάντες
1005 541 1098 587 ταῖς
1128 536 1345 607 αϊρέσεσιν
1376 539 1545 587 οἰκείως
1573 545 1629 585 90

153 596 421 647 διατεθέντες
448 594 745 646 ἐξαπέστειλαν
773 592 1039 665 ammsse'vwg
1061 595 1121 644 εἰς
1149 593 1232 663 τήν
1249 593 1440 662 Ῥωμην,
1471 594 1546 637 καὶ

152 654 256 705 τούς
286 653 382 707 περὶ
413 653 646 695 Σκιπίωνα
681 649 881 706 πρέσβεις
921 649 1158 708 ἐπηνεσαν,
1206 649 1275 695 ὅτι
1313 649 1546 702 τοιούτους

153 710 318 764 ἄνδρας
347 710 614 777 ἐξέπεμψαν.

251 766 352 810 ΓΌτι
380 763 551 835 Βόκχος
592 763 615 807 6
654 779 765 807 κατα
805 761 887 819 τήν
915 761 1090 831 Λιβύην
1126 761 1369 819 βασιλεύων
1406 762 1546 806 πολλὰ

153 822 542 893 καταμεμψάμενος
571 824 663 871 τοῖς
692 821 894 863 πείσασιν
926 819 1062 863 αὐτόν
1090 824 1295 876 πολεμεῖν
1328 824 1420 870 τοῖς
1446 817 1546 862 Ῥω-

1574 741 1632 781 33

1575 797 1632 839 95

153 882 300 952 μαίοις
327 879 530 950 πρέσβεις
559 879 717 932 ε’πεμψε
744 875 856 933 πρὸς
884 876 964 920 τὸν
977 875 1196 947 Μάριον,
1226 877 1325 931 περὶ
1354 893 1432 933 μεν
1456 893 1547 919 των
1579 884 1661 924 100

152 937 473 1008 ἡμαρτημένων
513 934 771 1004 αἰτούμενος
811 932 1121 989 συγγνώμην,
1146 931 1281 986 αξιών
1319 934 1365 977 δε
1396 935 1548 989 φιλίαν

155 993 403 1038 συνθέσθαι
440 992 516 1036 καὶ
552 989 691 1035 πολλοὶ
720 992 1177 1060 κατεπαγγελλόμενος
1214 990 1427 1047 χρήσιμος
1465 990 1550 1033 ἔσε-

155 1056 262 1095 σθαι
286 1049 528 1118 Ῥωμαίοις.
566 1052 650 1091 τοῦ
691 1046 738 1091 δε
768 1050 950 1102 Μαρίου
991 1047 1277 1098 κελεύσαντος
1315 1048 1413 1102 περὶ
1450 1046 1549 1090 τού-

153 1123 244 1152 των
281 1105 540 1162 πρεσβεύειν
573 1103 685 1158 πρὸς
725 1104 806 1159 τὴν
846 1103 1115 1160 σύγκλητον,
1160 1104 1184 1148 6
1221 1121 1299 1161 μεν
1342 1104 1549 1161 βασιλεὺς

154 1164 444 1216 εξαπέστειλεν
472 1165 532 1213 εἰς
560 1162 650 1232 τὴν
675 1159 846 1231 Ρώμην
873 1162 1140 1217 πρεσβευτὰς
1169 1163 1269 1215 περὶ
1297 1162 1481 1206 τούτων.
1520 1161 1548 1218 ἡ
1606 1167 1634 1211 5

155 1221 203 1265 δὲ
235 1219 474 1277 σύγκλητος
515 1216 665 1269 αυτοῖς
695 1217 932 1273 απόκρισιν
971 1220 1131 1262 ε’δωκεν
1169 1218 1376 1262 ἁπάντων
1411 1218 1551 1271 τεύξε-

157 1283 264 1321 σθαι
293 1281 381 1320 τῶν
410 1275 746 1344 φιλανθρωπων
774 1275 852 1319 τὸν
877 1275 1074 1331 Βόκχον,
1105 1275 1184 1319 έαν
1203 1275 1388 1347 Μάριον
1411 1278 1551 1343 πείσῃ.

156 1339 239 1378 τοῦ
270 1334 315 1378 δὲ
338 1336 525 1388 Μαρίου
550 1331 820 1383 σπεύδοντος
850 1334 1124 1388 αἰχμαλωτον
1149 1336 1299 1388 λαβεῖν
1316 1331 1553 1388 Ἰογόρθαν

88 1390 237 1445 631τόν
267 1392 470 1461 βασιλέα,
512 1389 775 1440 υπακούσας
805 1388 829 1433 6
860 1389 1028 1446 Βόκχος
1063 1391 1135 1433 καὶ
1166 1389 1554 1446 μεταπεμψαμένος

158 1452 342 1497 τοῦτον
374 1446 432 1499 ὦς
445 1448 560 1518 περί
587 1463 721 1490 τινων
741 1463 869 1504 κοινη
894 1446 1214 1502 συμφερόντων
1237 1447 1550 1502 διαλεξόμενος,
1583 1453 1637 1493 10

160 1505 372 1574 συνέλαβε
410 1504 488 1548 τὸν
523 1503 777 1577 Ἰογόρθαν,
825 1504 901 1547 καὶ
939 1505 1075 1560 δήσας
1114 1504 1340 1559 παρέδωκε
1379 1506 1552 1559 Λευκίῳ

158 1561 315 1618 Σύλλα
343 1565 404 1632 τῷ
432 1563 565 1618 ταμία
595 1564 654 1619 τῷ
684 1560 795 1614 πρὸς
822 1560 902 1616 τὴν
931 1561 1218 1617 παραπεμψιν
1248 1561 1556 1616 εκπεμφθέντι.

158 1637 212 1676 τη
244 1619 289 1662 δὲ
321 1607 482 1662 τούτου
514 1621 723 1687 συμφορᾷ
751 1634 832 1671 την
861 1619 978 1661 ἰδίαν
1015 1620 1233 1690 σωτηρίαν
1261 1617 1555 1676 πορισαμένος

161 1674 345 1746 διελύθη
377 1678 452 1730 τῆς
480 1689 599 1728 παρα
628 1678 716 1716 τῶν
741 1673 966 1731 Ρωμαίων
996 1677 1216 1730 τιμωρίας.
1587 1674 1639 1717 15

264 1731 363 1775 ΓΌτι
403 1733 462 1782 εἰς
501 1730 581 1786 τὴν
615 1730 788 1786 Ρώιιην
827 1732 938 1801 ἡκον
972 1732 1230 1800 πρεσβευταὶ
1264 1730 1553 1785 Μιθριδατου
1582 1734 1641 1773 :34

160 1792 244 1833 τοῦ
274 1788 483 1858 βασιλέως
520 1789 769 1843 κομίζοντες
805 1785 903 1843 μεθ’
938 1787 1084 1831 αὑτων
1123 1788 1354 1858 χρημάτων
1383 1793 1553 1844 πλῆθος
1583 1791 1640 1831 20

160 1846 273 1898 πρὸς
311 1845 392 1916 τὴν
436 1849 510 1900 τῆς
541 1844 789 1913 συγκλήτου
814 1847 1103 1898 δωροδοκίαν.
1151 1850 1174 1889 6
1206 1846 1250 1889 δε
1281 1850 1556 1899 Σατορνῖνος

163 1903 292 1955 δόξας
323 1901 531 1973 ἆφορμην
550 1902 660 1956 ἔχειν
684 1900 794 1944 κατὰ
813 1918 889 1973 της
907 1903 1176 1958 συγκλήτου,
1210 1903 1400 1959 μεγάλην
1421 1902 1556 1960 ὕβριν

162 1977 215 2029 τῃ
245 1961 450 2015 πρεσβείᾳ
487 1960 738 2009 ενεὸείξατο.
786 1960 860 2002 καὶ,
903 1962 991 2002 τῶν
1031 1964 1332 2030 συγκλητικων
1369 1963 1557 2014 παροξυ-

161 2016 337 2060 νάντων
372 2016 480 2066 τοὺς
509 2013 778 2070 πρεσβευτας
816 2015 889 2059 καὶ
930 2015 1212 2072 συνεργήσειν
1250 2016 1556 2074 έπαγγελλομέ-
1583 2014 1639 2058 25

163 2090 279 2125 νων,
326 2074 369 2116 οἵ
413 2072 788 2144 καθυβρισθέντες
824 2072 1066 2128 έπηνεγκαν
1106 2076 1252 2128 κρίσιν
1290 2078 1350 2130 τῷ
1389 2079 1559 2128 Σατορ-

164 2132 272 2189 νίνῳ
303 2130 401 2183 περὶ
429 2134 505 2185 τῆς
535 2131 593 2180 εἰς
633 2127 798 2180 αὐτους
827 2130 1006 2199 ὕβρεως.
1044 2135 1124 2174 τοῦ
1157 2131 1202 2174 δε
1233 2129 1400 2186 αγῶνος
1431 2130 1560 2182 ὄντος

166 2176 382 2257 δημοσίου
411 2188 485 2230 καὶ
515 2186 707 2241 μεγάλου
738 2185 809 2230 διοὲ
839 2186 920 2242 τὴν
947 2192 1036 2230 τῶν
1064 2191 1350 2258 πρεσβευτῶν
1374 2187 1560 2231 ἀσυλίαν
1610 2230 1613 2235 ,

165 2261 239 2288 και
277 2260 358 2300 την
395 2242 568 2300 συνήθη
606 2259 727 2298 παρα
754 2243 985 2298 Ρωμαίοις
1025 2244 1154 2299 [πρὸς
1189 2244 1285 2301 τήν]
1325 2243 1433 2299 ὑπερ
1469 2249 1559 2289 τῶν

167 2303 411 2369 πρεσβειῷν
439 2303 777 2371 μισοπονηρίαν·
820 2300 843 2344 6
875 2300 920 2344 δὲ
950 2306 1226 2355 Σατορνῖνος
1251 2302 1456 2345 θανατου
1485 2319 1560 2345 κα-
1584 2303 1641 2343 30

167 2355 494 2413 τηγορούμενος
531 2355 618 2402 υπό
669 2373 759 2400 των
799 2362 1126 2414 συγκλητικων,
1176 2357 1236 2409 ὥς
1275 2358 1331 2402 ἂν
1380 2360 1562 2403 ἐκείνων

171 2414 434 2467 δικαζόντων
476 2414 553 2465 τὰς
598 2414 805 2465 τοιαύτας
842 2417 1029 2468 κρίσεις,
1079 2418 1141 2466 εἰς
1184 2414 1289 2467 τοὺς
1329 2418 1562 2486 μεγίστους

169 2471 341 2515 ενέπεσε
371 2470 545 2526 φόβους
582 2487 627 2515 τε
665 2471 740 2515 καὶ
769 2471 1036 2524 κινδύνους,
1076 2473 1150 2516 καὶ
1189 2471 1262 2516 διὰ
1298 2472 1347 2516 τὸ
1378 2472 1563 2528 μέγεθος

169 2545 260 2572 των
297 2525 601 2584 ὑποκειμένων
641 2525 828 2585 ἀγώνων
863 2527 1037 2586 πτήξας
1075 2528 1324 2586 κατέφυγεν
1366 2529 1435 2573 ἐπὶ
1484 2530 1563 2575 τὸν

171 2607 230 2642 90.
257 2605 479 2651 ἐπηύξησαν
502 2608 543 2642 Μ
635 2608 670 2643 1.
697 2606 813 2652 ἆξιων
838 2607 891 2654 δε]
919 2607 1036 2652 ἇξιων
1060 2610 1122 2645 καὶ
1145 2610 1185 2643 Μ
1285 2610 1319 2644 6.
1345 2609 1560 2655 τεύξεσθαι]

170 2652 374 2698 τεύξασθαι
399 2655 439 2688 Μ
562 2654 844 2699 φιλανθρωπων
867 2657 1143 2701 VVesselingius,
1168 2658 1464 2713 φιλανθρωπιῶν
1488 2659 1560 2692 MV

265 2701 428 2735 631.19.
454 2701 525 2736 τοῦ
547 2702 664 2736 omisit
685 2703 725 2736 M
863 2703 921 2736 20.
945 2701 1036 2746 μεθ’
1042 2683 1200 2747 ῠαὐτ-ων]
1227 2701 1310 2748 μετ’
1337 2702 1463 2738 αὐτῶν
1489 2705 1559 2738 MV

266 2747 322 2781 21.
347 2747 405 2781 26.
431 2747 487 2781 30.
515 2750 749 2789 Σατορνῖνος
771 2749 830 2794 Μ,
855 2751 1115 2806 Σατουρνῖνος
1138 2750 1168 2783 V
1307 2749 1363 2783 27.
1391 2748 1455 2784 δια
1476 2748 1559 2796 την]

178 2792 243 2829 δια
267 2793 425 2828 Suidas
415 2805 451 2827 m
475 2795 528 2827 cd.
552 2795 806 2828 Mediolanensi
951 2795 1010 2830 28.
1042 2793 1250 2840 Ρωμαίοις]
1273 2797 1347 2829 ττῖν
1372 2792 1562 2839 Ρωμαίων

176 2841 303 2874 Suidas
427 2840 484 2873 29.
510 2837 606 2881 πρὸς
628 2838 696 2884 τὴν
720 2839 829 2885 ὑπὲρ]
851 2838 946 2884 υπὶρ
971 2840 1352 2877 811511a53÷.{-n2
1376 2862 1421 2867 —-
1447 2842 1562 2888 {stov}

177 2888 213 2921 iu
236 2886 291 2921 his
307 2889 482 2922 mutatum
501 2887 636 2931 aliquid
652 2888 697 2922 ab
716 2888 843 2922 Vrsino
863 2887 994 2923 fuisse'
983 2899 1058 2933 lpse
1073 2889 1220 2933 prodere
1238 2888 1374 2923 videtur
1391 2890 1434 2924 ad
1453 2901 1484 2923 v.
1505 2892 1561 2926 40.

213 2930 258 2986 *⁴3

41 0 61 997 ss
309 256 608 327 EXCERPTA
637 254 1014 297 LEGATIONVM
1044 254 1235 297 XXXIV.
1246 255 1400 297 —XL.
1457 259 1542 300 175
