1968 3346
430 177 458 212 (ε
637 169 939 212 ΕΧοΕΒΡΤΑ
967 142 1398 217 HOESCHELIANA
1425 174 1471 214 L.
1503 173 1613 216 xxl.

436 294 540 329 mv,
580 297 658 331 τας
699 280 744 324 δὲ
789 281 959 333 εἰκόνας
998 283 1077 334 τὰς
1107 281 1392 334 ἀνατεθείσας
1420 281 1500 327 υπ’
1528 282 1671 329 αὐτοῦ
1701 287 1822 331 κατέ-

436 350 621 380 σπασαν.
669 339 767 380 ΖἉΜ
754 354 858 381 ινων
896 339 943 387 δὲ
974 338 997 385 ὁ
1029 339 1343 395 ἐπιβουλεύσας
1375 344 1438 396 τῷ
1467 343 1648 412 βασιλεῖ
1663 343 1816 399 διέτρι-
1821 348 1901 393 4931

437 397 513 451 βεν
551 393 598 436 έν
636 399 729 445 τοῖς
757 395 857 449 περὶ
894 394 1189 452 Ἀρχάγαθον,
1226 397 1457 469 πεφευγώς
1484 397 1531 441 ἐκ
1559 402 1649 441 τῶν
1677 404 1823 455 Συρα-

436 454 635 493 κουσῶν·
666 454 1131 509 πεφρονηματισμένος
1161 453 1207 497 δὲ
1236 453 1302 497 ἐπὶ
1330 457 1390 511 τῷ
1417 456 1565 497 δοκεῖν
1592 461 1822 501 καταλελυ-

356 506 410 546 80
439 509 562 550 κέναι
589 505 670 577 τὴν
699 511 947 563 βασιλείαν,
989 510 1066 554 τὸν
1104 511 1185 581 μὲν
1199 500 1484 582 Ἀρχάγαθον
1514 511 1822 580 ἐδολοφόνησε,

441 566 522 607 τοῦ
563 563 609 606 δὲ
659 565 958 618 στρατοπέδου
1004 566 1239 621 κυριεύσας
1282 568 1357 610 καὶ
1405 567 1459 610 τὰ
1493 566 1639 624 πλήθη
1677 569 1826 625 λόγοις

438 620 779 675 φιλανθρώποις
822 623 1232 694 ἰδιοποιησάμενος,
1281 623 1436 678 διέγνω
1481 630 1686 682 πολεμεῖν
1733 632 1826 679 τοῖς

437 679 738 732 Συρακοσίοις
767 680 840 722 καὶ
870 682 1128 730 δυναστείας
1155 678 1423 734 αντέχεσθαι.

355 731 409 771 Ῑ3
540 733 640 777 Ι’Ότι
682 734 842 779 Ικέταν
883 736 1127 793 στρατηγὸν
1156 735 1382 779 οἷπέλυσαν
1409 736 1688 808 Συρακόσιοι
1717 755 1824 794 μετα

355 786 410 829 85
439 789 666 846 δυναμεως
695 791 806 846 πρός
835 795 1057 836 Maivcova
1094 796 1346 862 πολεμῆσαι.
1386 793 1460 837 καὶ
1497 793 1620 849 μέχρι
1657 795 1736 852 μέν
1764 814 1825 840 τι·

438 864 516 899 νος
547 848 815 919 διεπολέμει,
857 847 1238 919 φυγομαχούντων
1277 865 1367 892 των
1406 849 1619 893 ἐναντίων
1654 853 1728 895 καὶ
1764 855 1826 904 εἰς

436 902 679 959 παραταξιν
714 903 918 960 οὐδαμῶς
939 905 1307 962 καταβαινόντων.
1337 910 1424 950 τῶν
1446 906 1492 950 δὲ
1508 910 1826 977 Καρχηδονίων

437 963 851 1030 συνεπιλαβομένων
879 968 972 1015 τοῖς
1010 963 1109 1019 περὶ
1137 965 1380 1013 Μαίνωνα,
1423 964 1539 1007 πολυ
1569 970 1663 1016 ταῖς
1694 965 1825 1009 δυνα-

352 1024 408 1064 90
437 1029 564 1073 μεσιν
603 1017 927 1087 ὑπερεχόντων,
968 1018 1312 1076 ἠναγκάσθησαν
1342 1021 1387 1064 οἱ
1417 1020 1694 1074 Συρακόσιοι
1727 1021 1825 1066 δόν-

435 1091 504 1126 τες
533 1074 728 1130 ὁμήρους
757 1081 851 1127 τοῖς
882 1078 1052 1129 Φοίνιξι
1080 1078 1390 1132 τετρακοσίους
1420 1077 1715 1122 διαλύσασθαι
1744 1079 1824 1123 τὸν

434 1131 627 1199 πόλεμον
666 1132 739 1175 καὶ
768 1139 1028 1203 καταγαγεῖν
1057 1133 1161 1185 τούς
1200 1133 1414 1204 φυγαδας
1455 1138 1544 1178 τῶν
1583 1135 1629 1179 δὲ
1667 1142 1823 1207 μισθο-

436 1187 592 1246 φόρων
623 1186 948 1245 ἀτιμαζομένων
987 1191 1035 1234 έν
1065 1196 1160 1242 ταῖς
1195 1190 1493 1259 αρχαιρεσιαις
1532 1190 1694 1249 συνέβη
1725 1191 1822 1237 στα-

435 1257 545 1296 σεως
581 1249 870 1302 πληρωθῆναι
905 1264 986 1304 την
1024 1250 1167 1291 πόλιν.
1208 1246 1479 1292 διαστάντων
1518 1250 1600 1291 οὐν
1640 1250 1687 1293 έν
1731 1255 1823 1302 τοῖς

355 1302 409 1344 95
435 1302 586 1353 ὅπλοις
623 1319 714 1346 των
762 1321 806 1347 τε
846 1308 1142 1358 Συρακοσίων
1177 1305 1251 1349 καὶ
1295 1308 1383 1348 τῶν
1421 1305 1824 1376 μισθοφόρων,οἷ

438 1362 681 1415 πρεσβῦται
711 1361 1160 1430 διαπρεσβευσάμενοι
1199 1362 1272 1406 καὶ
1309 1361 1450 1406 πολλὰ
1492 1361 1717 1433 δεηθέντες
1744 1362 1823 1419 ἆμ-

438 1416 641 1487 φοτέρων
693 1417 819 1474 μόγις
858 1420 1138 1463 κατέπαυσαν
1179 1421 1257 1475 τὴν
1298 1418 1492 1474 ταραχὴν
1530 1418 1599 1462 ἐπὶ
1626 1424 1688 1479 τῷ
1717 1438 1824 1472 τους

435 1473 752 1544 μισθοφόρους
781 1475 829 1518 έν
858 1493 999 1547 τακτῳ
1030 1475 1174 1535 χρόνῳ
1205 1493 1279 1527 τας
1317 1475 1489 1519 εαυτῶν
1517 1476 1686 1531 κτησεις
1715 1494 1822 1522 απο-

325 1530 404 1569 100
435 1529 648 1587 δομένους
679 1529 887 1575 απελθεΐν
915 1533 962 1575 ἐκ
973 1522 1204 1584 Σικελίας.
1236 1532 1406 1576 τούτων
1440 1533 1485 1576 δὲ
1512 1534 1820 1603 κυρωθέντων,

435 1589 478 1629 οἵ
507 1605 585 1643 μεν
615 1589 729 1641 ξένοι
760 1605 872 1633 κατα
900 1590 976 1641 τὰς
1017 1589 1251 1662 ὁμολογίας
1290 1588 1540 1640 ἐκλιπόντες
1569 1607 1645 1642 τας
1676 1596 1821 1645 Συρα.

433 1642 568 1696 κόσας
617 1646 691 1689 καὶ
743 1648 1119 1704 παραγενηθέντες
1169 1647 1239 1691 ἐπὶ
1289 1647 1367 1690 τὸν
1416 1645 1623 1702 πορθμὸν
1672 1648 1820 1692 ’ὑπεδέ

432 1706 613 1772 χθησαν
637 1701 725 1746 ὑπὸ
757 1721 844 1747 των
866 1706 1133 1761 Μεσσηνίων
1164 1703 1223 1755 ὠς
1250 1720 1305 1747 αν
1335 1706 1458 1774 φίλοι
1484 1705 1556 1747 καὶ
1587 1703 1818 1774 σύμμαχοι.

430 1759 519 1801 υπὸ
564 1758 648 1815 γὰρ
690 1764 779 1804 τῶν
817 1766 1007 1804 πολιτῶν
1056 1760 1352 1830 φιλοφρόνως
1385 1760 1716 1816 οἷναληφθέντες
1760 1765 1822 1813 εἰς

376 1820 401 1860 5
376 1831 507 1866 οτας
547 1817 688 1868 οἰκίας
727 1817 885 1868 νυκτὸς
915 1818 1162 1889 ἐφόνευσαν
1192 1817 1296 1869 τοὺς
1326 1817 1703 1872 ὑποδεξαμένους,
1745 1820 1819 1863 καὶ

430 1887 508 1922 τας
536 1872 706 1916 τούτων
732 1892 862 1930 γυναι
867 1893 946 1927 κας
963 1875 1176 1932 γήμαντες
1204 1875 1411 1944 ,κατέσχον
1428 1873 1520 1945 τήν
1550 1875 1690 1918 πόλιν.
1721 1875 1816 1919 έκα-

427 1932 560 1972 λεσαν
600 1931 646 1974 δὲ
674 1931 838 2001 ταύτην
859 1935 1154 2003 ,Μαμερτίνην
1192 1931 1279 1975 ἀπὸ
1319 1935 1401 1975 τοῦ
1428 1930 1616 1985 Ἄρεως,
1656 1931 1729 1975 δια
1766 1932 1818 1976 τό

427 1989 590 2031 τοῦτον
619 1987 730 2032 κατα
749 1988 830 2059 τὴν
855 1988 1032 2033 ἐκείνων
1055 1990 1282 2033 διαλεκτον
1302 1988 1545 2044 Μάμερτον
1569 1993 1815 2032 καλεῖσθαι.

541 2041 608 2095 οἷς
653 2062 738 2101 γαρ
777 2043 831 2089 οὐ
868 2046 1035 2102 μέτεστι
1071 2064 1147 2102 της
1187 2048 1446 2115 δημαρχίας,
1485 2044 1674 2097 τούτους
1714 2045 1818 2091 οὐδὲ

351 2102 402 2139 ’ῙΟ
423 2102 500 2157 τῆς
528 2098 615 2144 ὑπὸ
648 2101 875 2159 δημαρχου
904 2106 1180 2173 κυρουμένης
1211 2102 1368 2166 ψηφου
1399 2107 1642 2146 κοινωνεῖν.

348 2168 399 2209 14
533 2154 630 2201 Ὅτι
662 2162 729 2202 δεῖ
752 2165 844 2211 τοῖς
874 2177 953 2215 μεν
984 2162 1207 2217 πολεμίοις
1237 2165 1351 2203 ειναι
1371 2158 1696 2215 φοβερώτατον,
1725 2162 1818 2212 τοῖς

429 2213 476 2257 δὲ
506 2216 654 2271 φίλοις
679 2216 904 2288 διαμένειν
935 2217 1089 2273 βέβαια
1120 2217 1484 2286 προςηνέστατον.

344 2283 397 2321 15
544 2272 692 2342 ἐπειδη
746 2272 847 2317 κατ’
895 2274 1064 2318 ἐκεῖνον
1100 2274 1178 2317 τὸν
1223 2273 1381 2326 καιρὸν
1428 2270 1721 2341 ἀγνοήσαντες
1767 2270 1818 2314 τὸ

429 2327 656 2384 συμφέρον
699 2336 790 2381 τοῖς
819 2330 929 2385 πρὸς
958 2348 1085 2387 χαριν
1115 2330 1262 2387 λόγοις
1295 2327 1701 2399 έπηκολουθήσατε,
1733 2332 1818 2371 νῦν

352 2398 399 2439 15
428 2390 520 2435 τοῖς
562 2386 705 2441 έργοις
742 2386 982 2444 ἑωρακότες
1021 2388 1075 2431 τὰ
1115 2389 1225 2433 κατὰ
1264 2387 1344 2444 τὴν
1380 2385 1529 2443 χώραν
1566 2383 1816 2442 ατυχήματα

423 2443 779 2500 μεταδιδάχθητε.

419 2543 476 2579 75.
501 2542 750 2589 οἷνατεθείσας
775 2548 874 2582 Wess
877 2549 1046 2592 elingffls,
1072 2545 1316 2586 ανατιθείσας
1339 2547 1375 2580 Η
1567 2590 1583 2599 ‚¹
1802 2584 1809 2597 ἱ

511 2592 591 2627 493.
619 2594 675 2627 78.
693 2593 892 2650 πεφευγώς
917 2595 1056 2634 muni„
1081 2608 1191 2639 nequest
1191 2607 1250 2632 ως
1274 2595 1307 2626 Η
1449 2590 1507 2625 79
1532 2603 1582 2637 τῳ
1607 2588 1739 2628 Rhod.‚
1767 2597 1812 2622 το

419 2636 454 2669 Η
594 2638 651 2673 83.
677 2639 897 2686 αντέχεσθαι
922 2620 1392 2694 WVesseii11gius‚dvs'xffl-cct
1425 2638 1458 2670 H
1598 2635 1655 2668 90.
1687 2645 1814 2676 τετρα-

417 2695 494 2717 ἰ’-06
493 2684 581 2728 ους]
606 2685 640 2721 ν’
665 2688 699 2720 Π
841 2687 898 2720 (13.
926 2684 1176 2742 ἀρχαιρεσίαις
1200 2682 1562 2727 Β1ι(»(1.,αρχιερίαις
1585 2681 1622 2713 Η
1755 2679 1812 2713 94.

418 2731 650 2767 ’Ἱιαστάντων
675 2734 806 2775 Rhod,
832 2732 1049 2773 διαστάντες
1071 2734 1108 2768 ΙΙ
1247 2731 1305 2765 97.
1330 2732 1380 2776 τῷ
1405 2729 1535 2768 Rhod„
1562 2724 1602 2760 τὸ
1630 2726 1665 2758 Η
1722 2758 1725 2761 ,

416 2776 472 2809 ”8-
498 2778 640 2824 κῒήόιὲις
669 2781 807 2821 Phoss,
843 2782 974 2820 κτίσεις
997 2781 1033 2813 Π
1150 2779 1206 2813 10.
1231 2781 1308 2821 post
1331 2778 1522 2811 κοινωνεῖν
1547 2783 1635 2816 quae
1658 2770 1754 2806 addst
1776 2771 1813 2806 Η

416 2824 567 2869 αἰσχρὸν
593 2846 638 2851 ——
665 2828 843 2872 Θερσίτην
868 2826 967 2872 (494.
991 2827 1078 2861 49.-
1094 2825 1170 2870 51)
1195 2824 1323 2859 delexit
1348 2823 1525 2859 Rhodom
