1968 3346
380 243 677 292 EXCERPTA
712 241 1143 289 HOESOEOELIANA
1168 241 1218 283 L.
1221 253 1224 256 '
1240 205 1400 287 vXXIII.
1527 244 1585 289 19

191 355 302 400 νίων
331 355 392 406 εἷς
416 353 658 426 Ῥωμαίους
684 351 932 402 ἀπέκλιναν.
962 351 1270 409 παραπλήσιον
1300 351 1347 396 δε
1373 350 1457 398 καὶ
1473 350 1581 399 Ἁλι-

191 417 342 456 κυαῖοι
372 413 602 482 ἐποίησαν
626 409 797 465 Ἰλαρόν
826 411 872 454 δὲ
888 410 973 458 καὶ·
988 410 1200 479 Τυριττὸν
1229 410 1304 453 καὶ
1332 425 1412 464 την
1432 407 1580 453 ’Ἀσκε-

192 474 273 513 λον
297 468 671 539 ἐξεπολιόρκησαν.
735 466 982 520 Τυνδάριοι
1011 469 1058 511 δὲ
1082 465 1249 517 ἰδόντες
1284 465 1447 516 αὑτούς
1475 463 1578 508 άπο-
1621 504 1627 508 .

192 526 518 581 λελειμμένους,
558 523 687 594 φόβῳ
719 524 996 579 συσχεθέντες
1031 522 1349 592 ἠβουλήθησαν
1385 522 1459 565 καὶ
1489 520 1579 565 av'-
1608 523 1663 565 60

191 582 261 626 τοὶ
291 585 460 626 δοῦναι.
491 580 843 652 ὑποπτεύσαντες
885 581 930 624 δὲ
965 582 1168 630 Φοίνικες
1214 579 1294 636 τήν
1321 580 1580 633 προαίρεσιν

193 638 343 682 αὐτῶν
370 638 475 689 τούς
505 637 877 699 ἐπιφανεστάτους
906 637 1071 706 ε’λαβον
1095 635 1294 692 ὁμήρους
1318 637 1384 686 εἰς
1411 635 1460 679 τὸ
1490 639 1579 678 Λι-

190 695 401 766 λύβαιον,
439 695 513 739 καὶ
543 701 687 747 σῖτον,
728 699 878 746 οἰνον,
916 695 992 738 καὶ
1020 693 1101 781 τήν
1131 693 1268 750 ἄλλην
1296 693 1580 763 παρασκευὴν

191 750 475 805 άπεκόμισαν.

235 820 237 823 ·
310 808 520 879 Φιλήμων
566 807 612 851 δε
660 805 684 851 6
736 795 933 875 κωμικὸς
973 805 1133 862 ἔγραψε
1182 805 1383 877 δράματα
1419 803 1578 862 ενενή-
1608 815 1663 857 65

187 880 325 908 κοντα
355 864 482 917 ἑπτά,
514 863 678 920 βιώσας
707 864 777 920 ε’τη
807 862 1070 918 ἐνενήκοντα
1102 864 1239 909 ἐννέα.

301 923 355 964 Οι
403 921 449 965 δε
490 925 832 991 πολιορκοῦντες
875 919 1149 976 Ἀκράγαντα
1194 919 1276 977 τήν
1323 916 1456 963 πόλιν
1495 916 1579 961 συν
1622 938 1653 964 xi

187 982 282 1030 τοῖς
305 976 535 1048 Ῥωμαίοις
564 979 637 1021 καὶ
656 981 1037 1048 ταφροποιούντες
1065 979 1140 1021 καὶ
1167 978 1364 1033 χάρακας
1393 974 1580 1046 βάλλον-

185 1048 257 1085 τες
287 1034 392 1078 δέκα
420 1035 628 1090 μυριάδες
644 1033 866 1106 ὑπῆρχον.
891 1034 1037 1077 πολλα
1069 1034 1114 1078 δὲ
1152 1051 1195 1078 οι
1227 1036 1432 1083 Φοίνικες
1461 1030 1581 1076 ἄντι·

186 1091 455 1192 ἕαχήσαντες
483 1091 564 1148 τὴν
596 1090 728 1135 πόλιν
764 1090 1038 1147 Ἀκράγαντα
1065 1096 1157 1142 τοῖς
1181 1090 1408 1149 Ῥωμαίοις
1437 1087 1580 1145 παρέ-
1609 1095 1663 1134 70

217 1164 337 1192 ωκαν

288 1205 388 1248 “On
406 1204 577 1248 ’Ἀννων
606 1203 630 1248 6
659 1202 952 1275 πρεσβύτερος
982 1202 1030 1252 ἐκ
1063 1206 1140 1259 τῆς
1166 1202 1335 1273 Λιβύης
1363 1200 1474 1252 κατα
1501 1200 1580 1258 τὴν
1608 1207 1637 1247 8

185 1264 446 1316 πολιορκίαν
472 1261 762 1331 Ἀκράγαντος
783 1261 964 1316 ἐπέρασε
995 1261 1187 1316 μεγάλην
1206 1260 1407 1330 δύναμιν
1436 1260 1483 1303 ἐν
1505 1263 1582 1302 Σι-

185 1321 327 1376 κελία,
364 1323 521 1372 πεζῶν
532 1318 763 1374 μυριάδας
801 1319 950 1370 πέντε,
994 1319 1136 1366 ἱππεῖς
1177 1316 1223 1360 δὲ
1253 1317 1578 1373 έξακιςχιλίους,

184 1364 438 1446 ἐλέφαντας
449 1376 495 1419 δε
518 1375 740 1431 ἑξήκοντα,
794 1379 974 1426 Φιλῖνος
997 1374 1086 1421 δὲ
1062 1391 1084 1418 ο
1116 1372 1482 1429 Ἀκραγαντῖνος
1467 1386 1580 1418 ιστο
1609 1377 1664 1419 75

186 1431 310 1486 ρικός
339 1430 630 1487 ανεγράψατο,
663 1432 686 1476 6
718 1432 782 1477 δὲ.
796 1434 881 1475 οὐν
898 1430 1073 1475 ’Ἀννων
1103 1430 1338 1485 ἀναζεύξας
1368 1448 1473 1487 μετα
1499 1429 1579 1473 πά-

179 1500 264 1560 6ης
282 1493 371 1558 τῆς
400 1489 630 1560 δυνάμεως
668 1490 716 1532 ἐκ
745 1492 827 1532 τοῦ
853 1490 1118 1559 Λιλυβαίου
1145 1493 1374 1543 παρῆλθεν
1405 1490 1464 1539 εἰς
1497 1486 1580 1543 τὴν

179 1542 465 1599 Ἡράκλειαν,
503 1545 604 1590 καθ’
644 1545 698 1589 ὃν
733 1545 894 1616 καιρὸν
922 1544 1064 1601 ἦλθόν
1093 1561 1206 1595 τινες
1237 1544 1580 1600 απαγγέλλοντες

182 1602 262 1646 τὸν
281 1602 502 1673 Ἐρβησον
523 1601 816 1656 παραδώσειν.
863 1600 1037 1647 ’Ἄννων
1068 1602 1114 1645 δε
1119 1602 1386 1671 πολεμήσας
1408 1602 1454 1645 έν
1477 1602 1580 1644 δυσὶ

184 1657 341 1727 μάχαις
371 1658 559 1715 ἀπέβαλε
589 1658 854 1714 στρατιώτας
897 1657 1054 1711 πεζους
1084 1658 1164 1713 μὲν
1192 1661 1466 1714 τριςχιλίους,
1499 1660 1578 1700 ιπ-
1608 1668 1662 1708 80

184 1721 280 1766 πεῖς
313 1719 588 1768 διακοσίους,
622 1718 806 1770 ζωγρίας
838 1715 885 1759 δὲ
913 1716 1303 1773 τετρακιςχιλίους’
1337 1716 1578 1769 ἐλέφαντας

5 1791 65 1824 ,ι
185 1770 300 1815 ὀκτώ
330 1778 509 1824 θανεῖν,
541 1773 778 1829 τριάκοντα
806 1777 920 1843 τρεῖς
950 1772 996 1814 δὲ
1026 1776 1536 1829 κατατραυματισθῆναι.

65 1835 67 1879 j
116 1837 184 1874 503
287 1828 386 1872 Ι’Ότι
415 1828 543 1880 πόλις
570 1831 628 1884 η’ν
656 1829 729 1872 καὶ
761 1827 789 1884 ἡ
820 1826 1076 1872 Ἐντελλῖνα.
1607 1834 1636 1875 9

297 1884 321 1928 6
354 1886 418 1929 δὲ
427 1885 604 1930 ’Ἄννων
632 1885 987 1955 βουλευσάμενος
1023 1883 1257 1955 ἐμφρόνως
1287 1883 1352 1928 ένὶ
1382 1895 1576 1940 στρατη-

180 1939 340 1998 γήματι
379 1942 484 1993 τοὺς
520 1942 710 1999 ἐχθροὺς
740 1941 829 1997 ἅμα
867 1943 942 1985 καὶ.
974 1942 1080 1993 τοὺς
1119 1943 1359 1996 πολεμίους
1398 1941 1577 1985 ἀνεῖλεν,
1608 1952 1662 1994 85

181 2000 227 2050 εξ
264 1999 310 2042 δὲ
348 2003 489 2068 μῆνας
537 2002 920 2054 παρακαθίσαντες
961 1998 1078 2042 οὕτω
1117 2000 1371 2069 παρέλαβον
1413 1997 1581 2053 Ἀκρά-

182 2072 343 2112 γαντα,
386 2055 578 2107 δούλους
614 2057 659 2100 δὲ
691 2055 875 2110 α’ραντες
905 2055 1103 2107 ἅπαντας
1136 2055 1272 2099 πλέον
1300 2071 1388 2098 των
1419 2058 1578 2111 διςμυ-

185 2114 296 2167 ρι’ων
329 2113 402 2156 καὶ
430 2115 798 2169 πεντακιςχιλίων.
831 2112 1055 2168 ἀπέβαλον
1086 2112 1132 2156 δὲ
1161 2112 1235 2156 καὶ
1271 2110 1477 2167 Ρωμαῖοι
1507 2128 1576 2155 πε-

184 2169 283 2222 ζους
312 2170 393 2238 μὲν
432 2173 734 2225 τριςμυρίους,
775 2171 917 2221 ἱππεῖς
961 2169 1008 2214 δὲ
1048 2169 1148 2227 Ιμφ’.
1203 2167 1405 2213 Ἀννωνα
1445 2169 1492 2212 δὲ
1534 2172 1579 2213 οἵ
1606 2172 1660 2213 90

183 2225 484 2282 Καρχηδόνιοι
514 2229 757 2283 ἐζημίωσαν
785 2232 964 2282 χρυσοῖς
1004 2213 1300 2282 έξακιςχιλίοις
1331 2224 1578 2279 ἀτιμάσαν-

181 2299 267 2334 τες·
300 2283 398 2327 ἀντὶ
430 2284 487 2328 δε
505 2284 667 2328 τούτου
702 2285 946 2340 στρατηγὸν
992 2283 1251 2327 ἀπέστειλαν
1281 2284 1341 2334 εἰς
1371 2281 1580 2326 Σικελίαν

179 2335 397 2394 Ἀμίλκαν.
455 2340 731 2395 Μύστρατον
761 2341 808 2384 δὲ
837 2339 1210 2397 πολιορκήσαντες
1236 2337 1469 2410 Ρωμαῖοι,
1503 2341 1578 2384 καὶ
1615 2354 1645 2388 Χ».

181 2396 348 2448 πολλας
376 2398 572 2454 μηχανὰς
600 2396 881 2455 ποιήσαντες,
912 2398 1019 2455 μετὰ
1049 2402 1191 2454 μῆνας
1220 2396 1329 2441 ἑπτα
1353 2395 1578 2454 ἀνεχώρη-

181 2519 239 2556 57.
258 2516 464 2556 Αλικυαῖοι
486 2522 616 2561 Rhod.
638 2518 727 2567 Ἀλιη
732 2524 877 2558 ναῒοιΗ
993 2521 1052 2558 58.
1079 2519 1275 2562 αὖτούςΗ
1391 2522 1450 2557 60.
1477 2523 1579 2567 σφᾶς

182 2568 216 2602 δ
239 2569 294 2600 vel
309 2581 359 2601 πα
363 2569 502 2611 αδουτ
495 2581 544 2602 αι
558 2569 613 2601 vel
634 2570 770 2604 δοῦναι
787 2569 856 2615 τὴν
876 2567 985 2606 πόλιν
1005 2570 1122 2603 Rhod
1171 2568 1228 2604 62.
1251 2569 1456 2626 Λιλυβαῖον
1473 2568 1510 2602 Η

180 2612 240 2648 65.
259 2612 492 2659 ἐνενήκοντα]
517 2614 539 2655 ¹7
554 2615 609 2648 bis
627 2617 663 2649 Η
684 2620 717 2649 et
734 2615 761 2657 ζ
782 2620 815 2649 et
831 2613 873 2650 θ’
985 2615 1043 2649 71.
1064 2613 1102 2650 ἐκ
1115 2614 1246 2655 Rhod„
1272 2612 1291 2650 6
1307 2628 1345 2649 εκ
1361 2615 1398 2649 H
1479 2613 1577 2650 κατὰ

181 2659 344 2701 wessel,
357 2660 448 2704 μετὰ
468 2661 505 2696 11
567 2661 625 2694 73.
648 2661 770 2704 πέντε]
792 2660 818 2696 ε’
843 2663 880 2696 Η
973 2662 1031 2696 7-1.
1045 2660 1322 2705 εξακιςχιλίους]
1349 2674 1381 2708 ςΙ
1403 2662 1439 2695 H
1487 2659 1578 2707 ἐξηΙ-

181 2710 312 2748 κοντα]
333 2707 361 2750 ξ’
357 2674 412 2740 μΗ
503 2706 562 2740 75.
587 2705 607 2742 6
627 2707 684 2751 δὲ]
714 2705 778 2744 ὅδε
802 2710 839 2742 11
931 2708 990 2742 80.
1012 2708 1245 2762 τριςχιλίους]
1275 2709 1352 2752 γΗ
1448 2708 1576 2743 διακο-

182 2753 311 2796 σίους]
338 2751 367 2788 σ’
399 2754 438 2787 Η
548 2751 606 2787 81.
629 2754 947 2798 τετρακιςχιλίους]
974 2756 1007 2801 δΙ
1028 2756 1066 2790 Η
1205 2742 1317 2797 ὀκτώ]
1345 2751 1370 2808 ή
1396 2754 1434 2787 H

274 2799 357 2833 5⁰3.
389 2799 447 2834 88
479 2801 790 2844 πεντακιςχιλίων]
825 2813 853 2848 εΙ
886 2803 923 2835 11
1073 2799 1131 2835 89.
1167 2798 1259 2845 Ιμφ’]
1294 2798 1370 2846 Ιβφ’
1395 2799 1572 2843 Reisikus‚

182 2844 285 2879 aliter
308 2845 372 2879 alii
464 2845 522 2879 90.
547 2845 811 2890 ἓξακιςχιλίοις]
827 2859 858 2893 ςΙ
879 2847 918 2883 H
1008 2844 1067 2881 92.
1090 2834 1333 2892 Μύστρατον]
1358 2847 1573 2889 Μυτίστρα-

181 2903 248 2927 τον
267 2891 521 2938 wesselingius
537 2892 596 2927 hic
615 2897 650 2930 ct
673 2893 734 2929 ubi
750 2882 1038 2940 Μήστρακονῌ,
1062 2904 1097 2929 v.
1118 2893 1152 2929 6.
1234 2891 1294 2926 9-1.
1315 2892 1424 2940 ἑπτα]
1447 2891 1474 2938 ζ
1495 2894 1530 2929 Η

1234 2940 1302 2982 2*
