1968 3346
164 484 247 524 rat,
277 489 438 526 quorum
468 477 534 512 du-

165 537 248 582 plex
264 536 402 582 legatio
419 546 535 580 quum

162 594 304 626 frustra
312 592 451 634 fuisset,
463 591 535 624 Ad-

102 654 108 659 '
163 650 295 683 herbal
321 649 367 682 ab
397 650 530 693 Iugur-

162 707 228 740 tha
254 712 382 752 captus
407 704 530 739 caedi-

160 769 224 796 tur

104 819 287 865 Iugurtha
343 819 531 853 Romano-

159 887 243 909 rum
267 874 529 909 fortitudinem

157 932 368 966 admiratur

101 989 282 1024 Carbonis
308 994 345 1023 et
364 987 480 1022 Silani
504 999 528 1022 a

159 1045 322 1080 Cimbris
374 1049 526 1089 accepta

157 1102 289 1147 ingens
312 1100 436 1134 clades

99 1157 283 1204 Scipionis
346 1157 526 1201 Nasicae,

154 1214 220 1260 qui
243 1226 317 1249 cos.
355 1219 527 1249 mortuus

156 1278 231 1316 est,
260 1270 427 1316 elogium

97 1328 301 1362 Antiochus
323 1328 525 1372 Cyzicenus

153 1395 220 1419 rex
252 1383 381 1429 Syriae
407 1385 522 1418 horno

153 1441 286 1475 stultus

96 1497 280 1543 Micipsae
304 1498 384 1533 filii,
423 1498 523 1533 inter

152 1554 221 1588 hos
243 1555 402 1599 Micipsa

95 1611 344 1645 Contoniatus
372 1611 524 1657 regulus

153 1667 299 1701 Galliae
320 1669 523 1706 Romanor,

153 1723 322 1758 amicitia
342 1730 472 1770 potens

96 1781 242 1814 Marius
266 1781 413 1826 legatus
438 1783 521 1816 Me-

152 1836 231 1870 telli
280 1838 419 1872 virtute
457 1848 522 1872 ex-

150 1894 254 1928 cellit

95 1949 265 1984 Bocchus
297 1949 522 1996 Iugurtham

150 2007 327 2042 Romanis
347 2006 466 2040 tradit

94 2063 241 2097 Bellum
257 2063 392 2097 servile
409 2064 448 2097 in
467 2062 522 2099 Si-

151 2120 238 2155 cilia
257 2120 421 2155 alterum

94 2232 283 2268 Saturnini
301 2232 451 2279 ignavia
483 2241 522 2269 et

151 2295 276 2333 postea
297 2291 413 2325 virtus

95 2346 257 2380 Battacis
268 2357 428 2393 magnae
438 2349 522 2383 Ma-

152 2402 217 2436 tris
228 2401 442 2446 sacerdotis,
456 2405 522 2449 qui

150 2462 313 2494 Romam
322 2460 522 2495 Pesinunte

155 2523 310 2551 venerat
368 2517 524 2561 praesti-

152 2574 235 2619 giae
254 2581 290 2608 et
302 2576 342 2607 A.
355 2573 522 2619 Pompeii

151 2630 271 2664 subita
295 2642 396 2664 mors

97 2687 316 2722 Saturninus
335 2699 355 2720 a
371 2687 524 2721 Mithri-

156 2744 248 2777 datis
279 2745 410 2790 legatis
438 2756 524 2777 reus

155 2800 296 2835 delatus
315 2802 442 2835 favore
457 2812 525 2846 po-

153 2857 233 2904 puli
255 2858 445 2893 absolutus

654 248 688 289 L
720 248 739 290 1
768 249 813 290 Β.
871 248 1158 290 xyst—XL.

1598 255 1680 294 241

563 363 750 409 Excerpta
787 366 973 410 Excerpta
1008 366 1193 410 Excerpta
1230 366 1416 413 Excerpta
1453 369 1673 415 Fragmenta

592 422 728 456 Valesii

574 759 652 799 604.
674 763 730 798 72.

568 1270 650 1307 605.
670 1272 727 1308 89.

565 1442 649 1476 606.
672 1442 730 1479 62.

542 1555 726 1609 ,607.78.

565 1724 646 1760 607.
669 1724 727 1762 87.

565 1894 647 1932 607.
667 1891 726 1929 94.

821 423 944 457 Photii

778 1098 966 1146 [529.8oJ

558 2122 638 2159 608.
661 2121 719 2157 23.
769 2120 849 2156 529.
868 2120 992 2154 73.—

567 2235 648 2270 608.
667 2233 724 2270 54.

824 2178 905 2213 537.
934 2176 991 2212 52.

794 2614 948 2664 537553.

1039 423 1159 457 Vrsini

1011 1989 1089 2024 630.
1113 1990 1171 2025 96,

1025 2858 1173 2893 631.19.

1234 424 1415 459 Vaticana

1251 926 1327 962 122.
1358 927 1391 963 6.

1253 1094 1330 1129 122.
1358 1096 1413 1131 11.

1246 2125 1323 2159 123.
1345 2125 1381 2161 9.

1264 2915 1320 2954 16

1480 2631 1660 2677 [ΧΧνιφ]
