1968 3346
500 192 560 233 08
653 183 956 229 EXCERPTA
983 183 1056 226 DE
1085 182 1234 227 VIRT.
1262 183 1340 227 ET
1369 183 1479 228 VIT
1507 185 1555 227 L.
1584 185 1736 229 XXIII.

502 356 672 425 μένοις·
701 352 934 422 χρημάτων
963 352 1010 395 δὲ
1040 351 1298 420 ἐδαπανήθη
1326 356 1536 404 τοσοῦτος
1567 353 1756 410 αριθμὸς
1785 355 1893 398 ὅσον

503 411 620 463 εἰκός
670 411 790 454 ἐστιν
837 406 1061 452 αναλεόσαι
1097 408 1201 458 τούς
1248 408 1433 460 στόλους
1470 411 1550 465 μὲν
1595 412 1807 461 πλέοντας
1844 412 1892 455 ἐκ
1933 419 1935 421 ’

501 469 771 524 τριακοσίων
797 469 920 534 νηῶν
950 465 1289 534 συνεστηκότας,
1321 466 1719 537 διαπολεμησαντας
1738 468 1785 511 δὲ
1806 466 1891 511 ἅπὸ
1934 464 1938 474 ’
1965 481 1968 489 ·

417 533 472 573 80
501 526 673 569 τούτων
700 527 790 567 τῶν
815 520 988 578 χρόνων
1016 521 1087 577 ἐτη
1118 523 1524 566 πεντεκαίδεκα.ού
1552 540 1640 594 μην
1667 523 1691 567 6
1720 540 1768 579 γε
1797 523 1894 567 τού·
1927 526 1931 530 ’
1963 491 1968 633 t

500 599 590 626 των
621 583 759 632 αἴτιος
790 580 1020 646 ἐλαχίστην
1048 580 1206 633 μερίδα
1234 582 1311 634 τῆς
1336 584 1572 649 συμφορᾶς
1603 579 1892 650 απηνέγκατο.

501 642 577 709 τῆς
605 655 688 693 γαρ
729 633 1100 709 προϋπαρχούσης
1139 635 1258 692 αὐτῷ
1298 635 1425 692 δόξης
1458 639 1787 680 πολλαπλασίαν
1814 636 1897 693 τήν
1940 636 1966 686 ἰ

501 695 682 763 ἀτιμίαν
711 695 785 738 καὶ
813 691 893 748 τὴν
906 690 1134 760 αἰσχύνην
1164 681 1405 746 ἠλλάξατο,
1436 698 1527 744 τοῖς
1558 693 1604 737 δὲ
1635 695 1761 745 ἰδίοις
1792 705 1896 748 συμ-

503 750 710 807 πτώμασι
753 766 859 799 τους
900 746 1058 799 α’λλους
1093 749 1258 805 ἐδίδαξε
1294 748 1471 818 μέτρια
1487 755 1672 804 φρονεῖν
1711 752 1758 793 ἐν
1800 756 1897 802 ταῖς
1947 742 1965 788 ί

418 816 473 857 85
503 810 743 861 ἐξουσίαις,
774 806 821 849 τὸ
844 805 890 848 δὲ
920 804 1142 860 μέγιστον.
1175 806 1238 847 ὠν
1264 804 1574 862 ὑπερηφάνησε
1599 807 1678 862 τὴν
1699 805 1897 862 ατυχίαν,
1961 807 1964 847 Ι

503 864 674 910 τούτων
712 861 971 933 ἠναγκάσθη
1001 877 1080 917 την
1116 860 1252 917 ύβριν
1280 863 1355 905 καὶ
1383 863 1463 932 τήν
1493 863 1694 915 ἐξουσίαν
1731 864 1898 918 φέρειν,
1936 902 1945 911 ,7

501 919 873 977 προαφῃρημένος
914 917 1074 961 ἑαυτοῦ
1113 920 1193 974 τὴν
1242 917 1506 988 συγγνώμην
1555 921 1627 963 καὶ
1675 920 1755 963 τὸν
1798 933 1944 977 συγ·
1937 922 1946 988 ³:

502 979 807 1047 κεχωρημένον
847 979 940 1026 τοῖς
980 975 1233 1018 ἐπταικοσιν
1273 976 1408 1019 ἐ’.λεον
1465 976 1728 1028 Ξάνθιππος
1771 977 1817 1020 δὲ
1844 980 1899 1047 τῇ

504 1035 609 1080 καθ’
643 1033 802 1078 ἑαυτὸν
832 1029 965 1087 ἇρετῃ
993 1031 1100 1083 τούς
1129 1035 1464 1102 Καρχηδονίους
1495 1031 1550 1077 οὐ
1581 1033 1723 1102 μόνον
1751 1033 1793 1086 ἐξ
1823 1034 1899 1103 056-
1933 982 1961 1138 3

418 1101 475 1142 90
505 1097 595 1136 τῶν
624 1095 714 1136 τῶν
744 1092 904 1134 δεινῶν
933 1088 1198 1143 ἐξήρπασεν,
1242 1087 1351 1132 αλλὰ
1386 1091 1461 1133 καὶ
1500 1090 1580 1134 τόν
1620 1090 1790 1134 α’παντα
1820 1089 1901 1134 πό

505 1154 641 1206 λεμον
680 1149 740 1198 εἰς
774 1144 1038 1190 τούναντίον
1077 1145 1340 1216 περιέστησε.
1384 1163 1491 1198 τους
1529 1147 1608 1202 μὲν
1648 1147 1732 1204 γὰρ
1763 1147 1900 1191 ἅπασι
1934 1141 1948 1194 ἶ

505 1208 779 1260 κρατοῦντας
807 1208 900 1254 τοῖς
933 1203 1052 1253 ὅλοις
1067 1202 1321 1272 ἦλαττωσε,
1350 1203 1456 1254 τούς
1487 1203 1533 1247 δὲ
1562 1203 1634 1247 δια
1666 1209 1743 1261 τῆς
1769 1205 1901 1273 ἥττης
1936 1195 1948 1284 ξ

505 1264 846 1317 προςδοκῶντας
874 1276 955 1316 την
985 1257 1203 1302 απωλειαν
1230 1264 1293 1315 τῷ
1323 1260 1494 1316 μεγέθει
1522 1265 1603 1303 τοῦ
1629 1260 1900 1333 προτερήμα-
1940 1292 1949 1315 2

507 1337 582 1371 τος
618 1319 793 1388 ἐποίησε
832 1321 1170 1372 καταφρονῆσαι
1207 1321 1296 1360 τῶν
1315 1319 1564 1387 πολεμίων.
1605 1318 1674 1361 διὸ
1713 1320 1783 1362 καὶ
1824 1322 1902 1374 τῆς
1940 1347 1946 1370 c

421 1383 477 1425 95
507 1381 598 1420 τῶν
627 1374 912 1431 πραχθέντων
946 1374 1205 1429 ἐπιφανείας
1238 1375 1299 1425 εἷς
1332 1373 1510 1417 ἅπασαν
1548 1374 1702 1430 σχεδὸν
1729 1375 1809 1431 τὴν
1840 1377 1901 1418 οἰ·
1940 1391 1950 1430 ξ

509 1433 732 1502 κουμένην
776 1432 1056 1499 διαδοθείσης
1101 1430 1281 1481 ἕκαστος
1329 1429 1550 1487 ἐθαύμαζε
1596 1431 1677 1488 τὴν
1711 1431 1902 1485 τανδρὸς
1937 1432 1951 1485 ,j

509 1489 669 1559 αρετην
699 1487 892 1538 εἰκότως·
922 1485 1178 1542 παράδοξον
1206 1504 1290 1542 γαρ
1320 1488 1523 1543 ἐφαίνετο
1543 1492 1679 1531 πᾶσιν
1708 1490 1744 1532 ει
1772 1504 1902 1543 προς·
1939 1497 1950 1527 ἰ

507 1545 749 1616 γενομένου
786 1549 878 1594 τοῖς
913 1545 1234 1599 Καρχηδονίοις
1270 1543 1369 1595 ἑνός
1406 1544 1549 1599 μόνου
1589 1545 1751 1600 ἀνδρὸς
1789 1550 1902 1601 τηλι-

397 1613 479 1654 100
510 1604 651 1660 καύτη
690 1617 781 1646 των
819 1600 936 1644 ὅλων
974 1601 1144 1656 ἐγένετο
1184 1599 1399 1671 μεταβολὴ
1442 1600 1546 1652 ὥςτε
1581 1601 1686 1653 τούς
1724 1602 1803 1658 μὲν
1840 1604 1902 1654 εἷς
1944 1608 1947 1609 ’

508 1661 770 1733 πολιορκίαν
819 1674 917 1712 αρτι
963 1657 1379 1713 συγκεκλεισμένους
1417 1656 1465 1701 ἐκ
1511 1661 1752 1731 μεταβολῆς
1795 1676 1903 1711 τους

507 1719 735 1767 ἐναντίους
763 1719 1040 1770 πολιορκειν,
1079 1714 1184 1765 τοὺς
1214 1714 1260 1757 δὲ
1290 1714 1505 1782 πρότερον
1533 1719 1612 1771 γῆς
1640 1717 1715 1759 καὶ
1743 1715 1902 1760 θαλᾶτ-
1940 1723 1947 1765 ,’

506 1792 582 1845 της
611 1773 674 1817 δι’
704 1773 914 1824 ἀνδρείαν
950 1776 1226 1826 κρατοῦντας
1263 1771 1310 1814 ἐν
1338 1769 1463 1814 πόλει
1491 1776 1626 1828 μικρᾷ
1655 1785 1902 1828 συμπεφευ-

507 1832 638 1888 γότας
668 1828 980 1885 προςδέχεσθαι
1008 1846 1089 1899 την
1116 1828 1293 1871 ἅλωσιν.
1334 1827 1468 1871 ου’δεν
1497 1829 1544 1871 δὲ
1555 1829 1834 1901 θαυμαστὸν
1864 1833 1901 1874 ει
1937 1850 1947 1873 ιι

451 1896 477 1937 5
507 1891 751 1943 στρατηγοῦ
782 1886 957 1935 σύνεσις
984 1886 1060 1929 καὶ
1096 1883 1366 1954 πραγμάτων
1394 1884 1594 1941 ἐμπειρία
1621 1891 1712 1930 τῶν
1741 1886 1902 1932 αδυνοὶ-

509 1962 599 1989 των
628 1942 885 1989 δοκούντων
915 1947 1028 1985 εἰναι
1056 1942 1337 1996 περιεγένετο.
1933 1945 1945 1988 j

608 2002 710 2044 ’Ὅτι
745 1997 947 2055 Ἀμίλκας
976 1999 1001 2069 6
1031 1998 1212 2052 Βαρκας
1240 1996 1512 2054 καλούμενος
1545 1995 1569 2042 6
1599 2000 1904 2070 Καρχηδόνιος

506 2077 582 2103 και
614 2056 821 2127 Ἀννίβας
851 2056 874 2126 6
913 2055 1012 2107 vids
1050 2054 1188 2099 αὐτοῦ
1228 2055 1424 2110 μέγιστοι
1461 2058 1699 2126 στρατηγοὶ
1727 2061 1897 2131 Καρχη-
1900 2059 1944 2104 55³

424 2126 477 2167 10
509 2117 673 2161 δονίων
723 2111 777 2158 οὗ
817 2112 959 2183 μόνον
998 2111 1122 2163 ὄντες
1163 2128 1253 2155 των
1290 2112 1520 2168 προτέρων
1557 2111 1666 2156 ἄλλα
1699 2115 1775 2158 και
1810 2121 1901 2159 τῶν

505 2169 878 2240 μεταγενεστέρων
909 2168 1276 2239 ὁμολογουμένως
1306 2169 1430 2212 οὑτοι
1460 2167 1785 2227 διελήφθησαν,
1827 2174 1903 2218 καὶ
1940 2195 1941 2198 “

507 2231 641 2282 ἰδίαις
670 2226 881 2285 πράξεσιν
909 2226 1106 2285 ηὔξησαν
1133 2224 1322 2283 μάλιστα
1350 2241 1431 2282 την
1458 2228 1664 2282 πατρίδα.

418 304 475 346 75
505 302 597 343 τῶν
636 296 743 342 δέκα
772 292 999 351 μυριάδων
1039 292 1125 338 σύν
1151 298 1245 346 τοῖς
1272 294 1320 339 ἐν
1346 299 1442 347 ταῖς
1476 298 1708 368 ναυαγίαις
1736 294 1893 342 ἀπολο-
1965 323 1968 479 ⁴

597 2375 678 2410 564.
703 2375 760 2411 75.
784 2375 997 2421 vavaylmc]
1015 2374 1240 2419 ναυμαχίαις
1260 2374 1290 2407 V
1445 2370 1703 2419 ἇπωλομένοις
1730 2376 1902 2420 Valesius,

506 2421 702 2466 οἷπολυαιιέ
705 2435 785 2461 νοις
808 2424 836 2455 V
974 2423 1031 2457 78.
1055 2421 1248 2464 πλέοντας]
1273 2420 1532 2476 πληροῦντας.)
1677 2423 1904 2464 τριακοσίων
1929 2426 1933 2430 ”

507 2466 568 2512 (τ’)
594 2469 680 2502 Reiz
683 2469 777 2509 kius,
802 2470 877 2503 τῶν
900 2469 931 2502 V
1066 2469 1124 2502 79.
1148 2467 1423 2510 πεντεκαίδεκα]
1450 2464 1491 2502 ιε’
1516 2467 1545 2499 V
1682 2468 1740 2502 86.
1764 2467 1902 2504 ἑαυτοῦ

506 2528 542 2560 p.
560 2515 641 2550 504.
665 2513 743 2556 54„
768 2513 807 2549 δὲ
831 2512 954 2550 αὐτοῦ
977 2515 1006 2547 V
1126 2514 1183 2548 96.
1209 2512 1361 2552 ἕκαστος
1379 2513 1539 2556 Τουρῑιιει
1561 2513 1604 2546 ad
1625 2513 1821 2559 Longinum
1842 2516 1902 2551 111.

507 2562 541 2598 5.
534 2587 556 2605 .‚
580 2560 731 2602 ἕκαστος
748 2559 817 2606 γάρ
836 2563 863 2595 V
947 2560 1005 2595 98.
1030 2561 1307 2605 Χαρχηδονίοις
1325 2560 1355 2592 V
1373 2564 1407 2593 et
1429 2559 1593 2594 similiter
1607 2541 1720 2595 infrao
1717 2561 1904 2606 aliquoties

600 2629 681 2668 565.
705 2630 739 2665 9
764 2628 812 2666 ου’
834 2626 956 2676 μόνον
982 2629 1101 2674 ὄντες]
1127 2624 1231 2669 ὄντες
1256 2625 1305 2663 ον’
1326 2626 1445 2673 μόνον
1467 2627 1626 2664 Ialesius

1960 2715 1968 2743 .-
1960 2486 1968 2687 spu*-
