1968 3346
463 165 882 208 FRAGMENTA
920 165 968 206 L.
1000 164 1113 207 XXI.
1123 164 1276 208 -XL.
1475 170 1562 210 205

175 276 260 329 ἔςτ’
292 275 349 321 ἂν
376 275 574 348 συνήχθη
604 274 850 331 στράτευμα
875 275 1102 347 Ῥωμαίων
1128 281 1221 328 τοῖς
1245 277 1485 346 Ῥωμαίοις.
1582 282 1645 325 ’85

173 336 273 378 τότε
299 338 480 389 τριττῶς
509 333 722 389 ἀπείρχθη
752 333 798 376 δὲ
826 332 937 402 πρὸς
961 331 1130 389 Ρώμην
1158 333 1419 403 ἐξορμήσας·

177 393 356 460 α’ίφνης
364 391 410 434 ἐκ
439 394 514 445 τῆς
544 391 721 458 αἰθρίας
749 388 834 451 γὰρ
864 388 1025 445 χάλαζα
1048 389 1338 447 σφοδρωτάτη

174 448 248 492 καὶ
273 446 443 503 γνόφος
471 445 748 502 έγγινόμενος
777 444 891 501 εἶργε
919 448 1100 501 πορείας
1127 451 1299 489 τοῦτον.

172 504 362 576 ύστερον
390 504 437 548 δὲ
465 503 778 571 φθονούμενος
806 507 900 553 τοῖς
925 507 1128 553 Σικελοῖς
1153 500 1395 573 Ἀννίβας,

172 561 220 604 ἐν
250 563 374 604 σίτου
402 561 522 615 χρεία
550 575 763 614 γεγονως,
802 560 877 602 καὶ
915 558 974 615 μὴ
1015 559 1284 603 στελλόντων
1314 558 1499 615 τούτων,
1585 569 1644 610 90

173 616 199 661 ὁ
227 618 334 670 πρὶν
361 621 563 685 γενναῖος
590 615 766 671 νικητὴς
795 619 908 672 λιμῷ
936 614 1218 671 νενικημένος

172 690 318 729 φυγας
345 689 435 716 υπο
465 674 728 728 Σκηπίωνος
755 673 921 727 γίνεται
947 676 1030 715 τοῦ
1054 672 1273 727 Ῥωμαίου

171 731 244 773 καὶ
271 734 478 799 Σικελοῖς
507 731 738 784 παραίτιος
751 731 914 798 δεινῆς
945 731 1265 784 πανωλεθρίας.

171 785 306 836 αὐτος
334 787 381 829 δὲ
411 784 649 840 φάρμακον
679 784 794 828 πιων
823 784 1005 840 θνήσκει
1032 787 1143 840 πρὸς
1172 785 1416 838 Βιθυνίαν,

169 842 279 897 πρός
307 859 346 885 τι
376 843 539 898 χωρίον
570 844 801 898 Λίβυσσαν
829 841 1108 896 καλούμενον
1135 846 1189 898 τῇ
1218 842 1391 898 κλήσει,
1583 847 1641 890 95

169 901 313 942 δοκῶν
342 903 499 941 θανεῖν
528 900 588 949 εἰς
619 901 853 952 Λίβυσσαν
881 901 1071 953 πατρίδα
1099 899 1178 954 τὴν
1211 901 1389 942 οἰκείαν.

167 957 224 1011 ἠν
253 955 337 1010 γὰρ
366 952 540 1012 Ἀννίβᾳ
572 972 638 1004 τις
667 954 856 1010 χρησμὸς
885 955 1000 998 οὕτω
1029 971 1118 999 που
1147 953 1469 1012 γεγραμμένος·

167 1013 370 1068 Λίβυσσα
399 1014 556 1067 κρύψει
585 1013 728 1066 βῶλος
755 1011 928 1068 Ἀννίβα
957 1012 1103 1067 δέμας.

279 1081 459 1122 Tzetzes
485 1080 597 1121 Chil
619 1079 652 1121 Ι.
683 1079 782 1121 hist.
813 1086 881 1144 275
929 1081 1076 1133 Quem
1105 1080 1256 1121 locum
1287 1087 1436 1122 totum
1465 1080 1553 1122 huc

165 1136 393 1187 transtuli,
424 1137 544 1191 quod
575 1137 652 1178 etsi
683 1137 831 1178 solum
867 1137 954 1179 iam
983 1138 1158 1179 initium
1195 1138 1417 1193 repelitur
1444 1137 1551 1178 Exc.

165 1192 351 1235 Hoesch.
373 1208 417 1249 Ρ
438 1195 547 1241 511.,
575 1200 721 1235 tamen
743 1193 957 1256 plelaque
977 1208 1088 1250 quae
1108 1201 1378 1250 sequuntur,
1410 1208 1554 1249 quum

165 1249 410 1305 pr'aetelile
442 1249 663 1292 Diodolus
701 1250 968 1307 nequiverit,
1006 1250 1102 1294 fieri
1140 1251 1289 1309 potujt
1329 1257 1380 1292 ut
1416 1251 1470 1292 ab
1501 1265 1553 1293 eo

165 1312 362 1349 sumeret
385 1305 577 1349 Tzetzes.

795 1514 799 1517 ι
831 1452 881 1494 L.

281 1552 517 1624 Θαυμάσαι
547 1551 592 1596 δ’
632 1551 688 1596 ἄν
715 1568 780 1605 τις
808 1551 986 1604 εἰκότως
1021 1554 1105 1597 τοῦ
1123 1553 1329 1624 τεχνίτου
1358 1551 1439 1611 τὴν
1467 1553 1555 1597 ἐπί-

164 1627 294 1654 νοιαν
325 1609 378 1653 οὐ
409 1608 548 1665 μόνον
581 1610 628 1652 έν
657 1610 831 1661 τούτοις
872 1609 980 1653 ἄλλα
1013 1611 1087 1654 καὶ
1117 1610 1166 1653 έν
1196 1610 1343 1661 ἄλλοις
1371 1614 1554 1662 πολλοῖς

163 1667 239 1710 καὶ
268 1669 434 1724 μείζοσι
460 1666 819 1722 διαβεβοημένοις
845 1684 954 1711 κατα
984 1671 1133 1710 πᾶσαν
1153 1667 1241 1738 τὴν
1272 1667 1552 1722 οἰκουμένην,

161 1725 264 1777 περὶ
293 1725 357 1766 ὠν
385 1739 438 1766 τα
478 1739 588 1767 κατα
627 1725 759 1777 μέρος
798 1723 907 1768 ὅταν
945 1724 1015 1768 ἐπὶ
1046 1723 1128 1781 τὴν
1153 1722 1434 1780 Ἀρχιμήδους
1461 1723 1551 1781 ἡλι-

161 1782 263 1824 κίαν
294 1780 488 1836 ε’λθωμεν
517 1778 709 1834 ακριβώς
739 1781 942 1836 διέξιμεν.
1607 1781 1635 1824 5

273 1849 497 1890 Diodolus
520 1849 571 1889 V.
600 1853 667 1892 37.
727 1849 852 1890 Vnde
890 1849 1114 1913 integrum
1151 1864 1381 1906 apponere
1410 1849 1548 1891 malui

159 1905 312 1947 locum
345 1905 518 1946 Tzetzis
550 1904 662 1945 Chil.
690 1903 741 1946 II.
772 1904 876 1946 hist.
902 1910 970 1949 35.
1011 1921 1134 1948 culus
1163 1921 1341 1948 nonms1
1369 1914 1548 1964 posue—

160 1978 258 2003 mos
291 1961 561 2017 undeviginti
586 1976 661 2002 ver
664 1975 736 2002 sus
762 1961 938 2004 dedemt
958 1962 1296 2018 Wesselingius·

151 2027 203 2073 Ὃ
226 2027 485 2099 Ἀρχιμήδης
515 2025 539 2071 ὁ
570 2026 713 2082 σοφὸς
742 2044 989 2098 μηχανητης
1017 2029 1182 2080 ἐκεῖνος

155 2089 216 2143 τῷ
244 2087 358 2141 γένει
387 2085 725 2153 Συρακούσιος,
755 2086 813 2140 ἦν
833 2084 983 2156 ὶ,γέρων
1012 2085 1273 2156 γεωμέτρης,
1575 2095 1630 2136 10

154 2143 343 2215 χρόνους
370 2158 415 2186 τε
445 2139 746 2210 ἑβδομήκοντα
772 2142 847 2185 καὶ
870 2142 997 2185 πέντε
1020 2142 1324 2212 παρελαύνων.
1635 2164 1638 2167 ·

155 2199 271 2250 ὅςτις
300 2199 531 2254 εἰργάσατο
562 2197 728 2248 πολλας
757 2214 998 2253 μηχανικας
1029 2198 1237 2268 δυνάμεις

153 2257 227 2298 καὶ
256 2260 310 2311 τῆ
339 2255 559 2313 τρισπάτῳ
590 2257 761 2310 μηχανῇ
790 2255 900 2310 χειρὶ
928 2259 1032 2312 λαιᾷ
1060 2256 1134 2298 καὶ
1157 2255 1274 2313 μόνῃ

152 2301 623 2367 πεντεμυριομέδιμνον
658 2312 948 2355 καθείλκυσεν
982 2299 1163 2358 ὁλκάδα.

151 2369 225 2411 καὶ
255 2374 336 2411 τοῦ
355 2369 624 2422 Μαρκέλλου
637 2372 901 2436 στρατηγοῦ
931 2368 1036 2411 ποτὲ
1067 2369 1113 2412 δὲ
1142 2386 1232 2412 των
1261 2366 1488 2437 Ῥωμαίων
1575 2375 1629 2418 15

150 2442 204 2481 τη
234 2424 507 2481 Συρακούσῃ
537 2440 649 2467 κατα
676 2428 760 2480 γῆν
788 2423 1141 2494 προςβάλλοντος
1167 2426 1239 2468 καὶ
1271 2424 1459 2477 πόντον,

148 2482 271 2531 τινὰς
299 2482 378 2536 μὲν
406 2486 583 2535 πρῶτον
611 2485 823 2550 μηχαναῖς
853 2479 1108 2525 ανείλκυσεν
1133 2480 1351 2534 ὁλκάδας,

148 2539 223 2581 καὶ
253 2537 364 2592 πρὸς
392 2554 440 2581 το
473 2542 789 2591 Συρακουσιον
817 2542 956 2592 τεῖχος
984 2541 1247 2608 μετεωρίσας

150 2594 428 2651 αὐτάνδρους
457 2594 590 2638 πάλιν
615 2611 674 2637 τω
706 2596 834 2650 βυθῷ
863 2594 1134 2650 κατέπεμπεν
1163 2593 1355 2650 ἀθρόως.

242 2731 299 2765 14.
334 2728 758 2776 πεντεμυριομέδιμνον]
792 2726 1086 2776 ἓπταπενταμυρ.
1111 2731 1205 2765 liber
1226 2741 1333 2773 unus,
1364 2729 1455 2765 alter
1477 2740 1538 2764 su-

152 2777 338 2822 prascribit
361 2777 463 2812 ἑπτα.
