1968 3346
229 202 315 242 216

256 315 482 362 fragmenta

292 482 419 519 XXIV.

279 2444 406 2479 XXIX,

286 2613 396 2648 XXX.

563 315 751 361 Excerpta

562 372 743 408 Vaticana

596 600 650 635 16:
680 596 714 634 4.

578 713 633 747 16.
663 712 720 747 28.

532 880 776 920 17.4.—-18.2.

595 1107 652 1144 18.
677 1107 712 1144 3.

578 1275 631 1311 18.
664 1275 719 1313 18.

576 1500 631 1535 18.
661 1501 718 1537 ΞΟ.

592 1557 645 1594 19.
676 1558 710 1593 1.

526 1781 581 1815 19.
603 1781 635 1816 6.
651 1801 696 1809 -·
713 1781 771 1820 21.

581 1841 637 1873 10.

523 1949 580 1985 21.
603 1928 771 1986 112-26,

579 2062 637 2098 21.
667 2062 724 2097 27.

803 199 838 240 L
868 199 888 241 1
917 199 961 241 Β.
1020 198 1221 242 v1.—x.

837 316 1024 361 Excerpta

873 372 995 407 Vrsini

1117 317 1303 362 Excerp'ta

1141 374 1278 408 Valesii

1087 876 1148 921 (ef.
1162 876 1239 913 552.
1260 878 1331 923 99.)

1085 989 1337 1027 551.35.—58.

1131 1554 1211 1591 551.
1232 1555 1290 1591 59.

1124 1779 1206 1817 552.
1237 1780 1295 1818 65.

1125 1892 1205 1928 552.
1237 1895 1292 1931 73.

1081 2284 1160 2323 552.
1170 2285 1224 2321 89.
1235 2304 1289 2312 -
1298 2286 1330 2322 8.

1364 427 1509 465 Solonis
1538 435 1575 464 et
1604 432 1788 468 Draconis

1422 492 1521 520 aetas

1363 543 1492 577 Croesi
1531 555 1616 577 cum
1655 545 1789 580 Solone

1421 599 1653 645 colloquium

1363 653 1510 689 Solonis
1559 656 1603 689 de
1641 656 1787 692 athletis

1419 713 1603 746 sententia

1361 768 1533 813 Tripodis
1559 776 1702 815 septem
1731 782 1787 804 sa-

1408 825 1594 869 pientibus
1607 827 1720 860 oblati
1731 827 1789 860 hi-

1410 882 1526 915 storia

1361 936 1505 971 Solonis
1525 937 1681 984 indoles,
1705 952 1784 975 mo-

1426 1005 1485 1027 res
1508 1001 1544 1028 et
1564 996 1665 1042 leges

1361 1049 1505 1084 Solonis
1516 1052 1689 1087 adversus
1697 1053 1787 1088 Pisi-

1417 1112 1579 1143 stratum
1597 1110 1753 1144 consilia

1361 1158 1578 1211 [Periandri
1630 1166 1787 1213 indigna

1417 1220 1636 1267 philosopho
1659 1229 1787 1269 tyran-

1417 1276 1473 1309 nis
1483 1273 1515 1325 2²]

1360 1332 1621 1368 Anacharsidis
1641 1341 1678 1369 et
1700 1337 1788 1382 My-

1415 1390 1513 1424 sonis
1531 1391 1574 1424 de
1585 1392 1788 1437 sapientiae

1414 1445 1630 1493 principatu
1666 1455 1786 1483 certa-

1419 1513 1507 1536 men

1363 1558 1531 1602 Mysonis
1557 1559 1787 1596 domicilium

1362 1614 1530 1648 Chilonis
1577 1627 1699 1651 mores
1751 1624 1788 1652 et

1390 1670 1789 1718 apophthegmatatria

1388 1727 1786 1776 temploDelphicoin-

1389 1784 1528 1830 scripta

1363 1897 1498 1931 Pittaci
1517 1909 1650 1933 vmores

1360 1954 1450 1987 Eius
1468 1955 1704 1990 abstinentia.
1728 1967 1787 1990 er-

1419 2022 1467 2056 ga
1485 2012 1665 2046 Alcaeum
1698 2023 1787 2058 poe-

1418 2073 1498 2100 tam
1514 2068 1648 2102 lenitas

1359 2122 1502 2157 Biantis
1564 2136 1787 2170 generosum

1417 2179 1573 2216 factum.
1617 2181 1650 2215 ei
1680 2182 1787 2218 datus

1415 2236 1542 2280 tripos.
1562 2237 1786 2283 eloquentis-

1418 2292 1531 2326 simus
1552 2294 1626 2328 fuit

1359 2348 1456 2382 Milo
1480 2351 1715 2386 Crotoniata:
1737 2353 1786 2388 si-

1417 2405 1518 2439 milis
1557 2408 1590 2441 ei
1628 2409 1786 2454 Polyda·

1419 2473 1500 2499 mas
1524 2464 1758 2499 Scotussaeus

1361 2518 1628 2554 Cirrhae-orum
1643 2522 1785 2557 obsidio

1360 2574 1568 2610 Phalaridis
1582 2583 1708 2612 taurus
1719 2581 1787 2614 Pe-

1417 2632 1510 2665 rilao
1528 2635 1757 2677 perniciosus

1359 2686 1473 2721 Solon
1502 2690 1681 2725 Pisistrati
1718 2692 1786 2726 ad—

1417 2746 1598 2781 vei-sarius
