1968 3346
413 189 477 237 22-
609 189 913 236 EXCERPTA
940 189 1371 243 HOESCHELIANA
1398 197 1627 242 LXXIII.

425 296 511 351 τες,
540 299 615 343 καὶ
642 298 899 372 νικήσαντες
941 304 1016 348 ’καὶ
1042 308 1158 357 ναῦς
1186 305 1252 350 κδ’
1271 305 1619 377 παραλαβόντες
1629 307 1815 378 Καρχη-

336 360 392 404 75
422 357 588 408 δονίας,
618 357 723 408 τούς
751 356 840 402 οέπὸ
862 364 946 404 τοῦ
967 365 1145 421 πεζικοῦ
1174 363 1371 418 πολέμου
1399 359 1693 415 διασωθέντας
1717 363 1816 407 Ῥω-

422 414 580 483 μαίους
611 411 905 470 ἀναλαβόντες
937 419 1015 462 καὶ
1046 418 1164 474 πρὸς
1192 423 1400 464 Σικελίαν
1442 422 1732 474 διαπερῶντες
1769 422 1814 473 ἐξ

423 467 556 525 αὐτῆς
589 472 849 526 Καμαρίνας
886 474 1225 528 ἐκινδύνευσαν,
1265 493 1341 520 και
1378 475 1610 520 ἀπώλεσαν
1642 493 1816 548 μακρας

422 529 534 577 ναῦς
563 526 816 582 τριακοσίας
843 530 1184 602 τεσσαράκοντα,
1217 532 1498 603 ἱππαγωγοὺς
1514 532 1565 577 δὲ
1584 533 1658 576 καὶ
1684 538 1816 577 πλοῖα

339 587 393 629 80
423 582 549 637 ἔτερα
585 585 825 640 τριακόσια.
874 586 967 631 οἷπὸ
1009 588 1055 632 δε
1093 591 1351 659 Καμαρίνης
1387 589 1468 642 ε’ως
1510 589 1724 659 Παχύνου
1761 608 1815 634 τα

424 638 628 694 σώματα
635 643 711 685 και
748 660 801 686 τα
831 641 969 700 α’λογα
1007 645 1081 688 καὶ
1110 645 1163 688 τα
1173 662 1382 715 ναυαγια
1418 647 1593 691 έᾘκειντο
1633 646 1736 698 τούς
1769 647 1816 691 δὲ

422 697 721 750 διασωθέντας
751 698 898 755 Ἱέρων
947 699 1279 773 φιλανθρώπως
1332 703 1622 774 παραλαβών,
1664 703 1817 773 ἐσθῆτι

420 753 496 796 καὶ
532 760 679 825 τροφῇ
708 757 782 800 καὶ
818 761 872 813 τῆ
908 762 974 801 λο
979 762 1041 816 πῇ
1079 761 1202 817 χρεία
1234 757 1494 811 αναπαύσας
1523 760 1602 812 ε’ως
1631 759 1818 829 Μεσση-

336 808 391 853 85
420 826 499 866 νης
538 811 728 856 διέσωσε.
784 813 1056 884 Καρθαλων
1089 816 1170 871 μὲν
1204 813 1230 859 ὁ
1265 817 1565 890 Καρχηδόνιος
1603 833 1708 873 μετα
1735 834 1818 887 την

397 869 640 922 ναυαγίαν
668 873 758 913 τῶν
784 869 1010 940 Ῥωμαίων
1042 871 1341 943 πολιορκήσας
1363 873 1658 944 Ακραγαντα,
1699 874 1818 916 ταύ-

394 918 500 980 Ξτην
531 923 638 968 εἷλε·
669 927 746 969 καὶ
774 925 855 983 τὴν
883 930 963 984 μὲν
990 930 1122 973 πόλιν
1155 929 1388 1002 ἐνέπρησε,
1431 930 1486 974 τὰ
1515 931 1561 974 δε
1589 931 1704 1000 τείχη
1729 947 1818 973 κα-

392 970 603 1024 ἕθεῖλεν.
619 998 662 1026 οι
703 983 751 1026 δὲ
779 988 1142 1058 καταλειφθέντες
1179 987 1361 1058 ἔφυγον
1388 987 1447 1038 εἰς
1484 987 1533 1032 τὸ
1560 985 1816 1042 Ὀλύμπιον.

420 1039 465 1080 οἱ
494 1038 541 1081 δὲ
565 1037 815 1096 Ῥωμαῖοι
800 1041 952 1097 ε’τερον
990 1043 1149 1102 στόλον
1179 1044 1285 1114 μετα
1314 1043 1363 1088 τὸ
1391 1043 1610 1100 ναυάγιον
1637 1059 1819 1100 ναυπη-

335 1099 391 1140 90
419 1091 649 1150 φήσαντες,
691 1098 766 1140 καὶ
797 1101 1038 1151 διακοσίαις
1067 1117 1338 1156 πεντηκοντα
1366 1102 1525 1145 ναυσὶν
1554 1103 1613 1152 εἰς
1642 1101 1692 1144 τὸ
1723 1104 1818 1144 Κε-

419 1151 625 1223 φαλύδην
656 1154 899 1224 ἐλθόντες,
949 1163 1082 1202 τοῦτο
1133 1158 1207 1202 διὰ
1259 1160 1506 1213 προδοσίαν
1547 1157 1818 1224 παρέλαβον.

418 1208 489 1252 ἐπὶ
528 1208 574 1252 δε
616 1227 669 1254 τα
696 1213 911 1268 Δρέπανα
949 1214 1152 1266 ελθόντες
1188 1232 1264 1259 και
1302 1214 1696 1270 πολιορκήσαντες,
1727 1216 1818 1258 ιτοῦ

416 1264 726 1320 Καρθάλωνος
765 1273 1067 1327 βοηθοῦντος,
1099 1271 1322 1326 ἐξέπεσον,
1361 1272 1437 1315 καὶ
1473 1271 1611 1327 ἦλθεν
1649 1272 1709 1322 εἰς
1737 1271 1819 1326 τὴν

420 1322 678 1380 Πανορμον.
719 1329 1095 1396 καθορμισθέντες
1135 1330 1181 1372 ἐν
1217 1333 1277 1387 τῷ
1316 1328 1459 1384 λιμένι
1498 1329 1685 1384 πλησίον
1725 1331 1818 1371 τῶν

334 1381 405 1429 95
398 1385 575 1453 ζξὲῑχῶν
617 1383 691 1425 καὶ
729 1382 810 1439 τὴν
851 1385 1041 1455 δύναμιν
1079 1376 1419 1441 έκβιβασαντες,
1458 1385 1704 1440 έχαρόικουν
1742 1384 1818 1428 καὶ

398 1429 666 1493 ἑταφρευον
700 1441 780 1495 τὴν
809 1441 961 1485 πόλιν
999 1443 1303 1495 καταδένδρου
1332 1442 1416 1498 γάρ
1455 1446 1534 1498 τῆς
1564 1441 1707 1497 χώρας
1736 1440 1836 1510 {hg-f

399 1506 487 1561 ,χρι
523 1499 612 1537 τῶν
650 1501 802 1540 πυλῶν
839 1499 973 1555 οὔσης
1011 1499 1097 1544 απὸ
1139 1497 1367 1554 θαλασσης
1404 1500 1464 1550 εἰς
1502 1499 1735 1542 θαλασσαν
1764 1515 1819 1541 τα

396 1548 598 1605 χώματα
627 1553 987 1612 ε’χαρακιόθησαν
1005 1558 1078 1600 καὶ
1108 1555 1462 1611 εταφρεύθησαν.
1493 1553 1601 1601 εἶτα
1610 1555 1819 1607 Ῥωμαῖοι

309 1608 391 1650 100
421 1614 613 1676 συνεχεῖς
641 1614 888 1667 προςβολὰς
930 1612 1190 1683 ποιούμενοι
1227 1613 1300 1656 καὶ
1340 1629 1536 1668 μηχανας
1575 1612 1819 1667 κατέβαλον

415 1662 466 1707 τὸ
496 1671 657 1721 τεῖχος,
697 1669 771 1712 καὶ
808 1674 884 1723 τῆς
923 1669 1047 1721 ἐκτὸς
1075 1670 1244 1720 πόλεως
1273 1669 1588 1723 κυριεύσαντες
1626 1668 1819 1719 πολλοὺς

415 1718 613 1765 ανεῖλον·
655 1726 699 1768 οῖ
747 1726 793 1769 δὲ
833 1726 959 1770 ἄλλοι
1006 1727 1176 1782 ε’φυγον
1216 1728 1276 1777 εἰς
1321 1742 1403 1795 την
1443 1724 1632 1796 οἷρχαίαν
1671 1724 1817 1777 πόλιν,

414 1779 489 1820 καὶ
517 1780 762 1835 πέμψαντες
792 1784 996 1840 πρέσβεις
1026 1783 1140 1839 πρὸς
1180 1782 1286 1833 τούς
1315 1781 1513 1833 ὑπάτους
1542 1782 1696 1851 ἠξίουν
1724 1787 1818 1833 τοῖς

417 1833 616 1890 σώμασιν
657 1836 916 1894 ασφάλειαν.
956 1845 1046 1884 τῶν
1085 1840 1132 1884 δε
1173 1838 1553 1909 συμφωνούντων
1579 1838 1661 1883 δύο
1705 1843 1818 1908 μνᾶς

359 1884 387 1929 5
416 1896 478 1949 τῷ
510 1893 677 1966 σώματι
719 1896 922 1949 διδόντας
959 1897 1224 1952 ἐλευθέρους
1266 1900 1401 1949 εἰναι,
1442 1895 1697 1965 παρέλαβον
1734 1912 1818 1951 την

413 1939 545 1993 πόλιν
585 1953 627 1995 οἶ
658 1950 881 2022 Ῥωμαῖοι,
912 1955 986 1998 καὶ
1024 1954 1164 2009 μύρια
1193 1954 1506 2007 τετρακιςχίλια
1538 1952 1716 2022 σώματα
1744 1969 1818 1995 τι-

414 2010 498 2076 μῆξ
536 2010 823 2078 συνεχωρήθη
870 2016 931 2068 τῷ
975 2010 1202 2063 εὑρεθέντι
1244 2009 1450 2080 ἀργυρίῳ
1485 2010 1560 2053 καὶ
1601 2007 1816 2081 ἀπελύθη.

413 2063 520 2113 τούς
564 2065 610 2107 δὲ
648 2068 852 2118 λοιπούς,
893 2070 1085 2122 μυρίους
1124 2068 1381 2138 τριςχιλίους
1422 2064 1580 2117 ὄντας,
1622 2066 1696 2109 καὶ
1736 2065 1817 2135 τὴν

418 2118 552 2175 αλλην
565 2120 824 2190 αποσκευην
842 2123 1266 2194 έλαφυροπωλησαν.
1322 2122 1515 2167 Ἰαιτῖνοι
1540 2125 1586 2167 δὲ
1612 2121 1817 2177 ἐκβαλόν-

333 2178 388 2219 10
416 2191 485 2225 τὲς
524 2176 606 2231 τήν
641 2184 730 2223 τῶν
774 2184 998 2225 Φοινίκων
1039 2181 1250 2251 φρουρὰν
1292 2181 1370 2237 τὴν
1419 2179 1550 2224 πόλιν
1584 2179 1817 2235 Ρωμαίοις

415 2231 599 2304 ε’δωκαν
631 2240 947 2309 παραπλησίως
985 2239 1032 2282 δε
1067 2238 1241 2289 τούτοις
1279 2238 1491 2292 ἐποίησαν
1519 2241 1816 2280 Σολουντῖνοι

415 2290 490 2332 καὶ
531 2294 739 2347 Πετρῖνοι
780 2295 856 2338 καὶ
901 2293 1206 2351 Ἠνατταρῖνοι
1245 2296 1319 2339 καὶ
1363 2297 1645 2350 Τυνδαρῖται.
1686 2294 1729 2337 οἱ
1768 2292 1815 2337 δε

507 2380 565 2415 ῖῒ.
591 2380 628 2424 ἐξ
653 2382 768 2428 αὐτῆς
797 2386 1024 2430 Καμαρίνας]
1054 2387 1205 2420 fortasse
1228 2383 1336 2431 ἐγγῦς
1359 2387 1426 2430 τῆς
1458 2384 1676 2440 Καμαρίνης

414 2424 475 2459 78.
498 2428 642 2471 μακρας
667 2430 938 2477 Wesselingius‚
963 2431 1095 2477 μικρὰς
1117 2434 1155 2467 Η
1260 2433 1472 2476 τριακοσίας
1495 2432 1543 2477 τ.]
1572 2428 1628 2474 ἰμ’
1651 2431 1689 2465 H

414 2471 473 2506 79.
497 2473 559 2510 καὶ
582 2478 696 2510 πλοῖα
715 2477 845 2519 Rhod„
868 2481 982 2514 πλοῖα
1004 2480 1041 2512 Π
1142 2477 1393 2522 τριακόσια]τ’
1413 2479 1450 2512 Η
1556 2477 1615 2511 84.
1635 2473 1812 2520 Μεσήνης

414 2518 453 2552 Η
598 2520 656 2556 89.
690 2523 899 2564 διακοσίαις
934 2522 1178 2592 πεντήκοντα]
1216 2524 1268 2560 σν’
1304 2527 1340 2558 11
1478 2523 1536 2558 90.
1568 2521 1810 2581 Κεφαλύδην]

414 2564 568 2599 barbare
590 2577 653 2609 pro
676 2571 931 2613 Κεφαλοίδιον
1054 2571 1112 2605 92.
1137 2570 1460 2616 πολιορκήσαντες]
1485 2581 1597 2605 nonne
1622 2568 1814 2612 ἐκπολιορ-

414 2608 616 2653 κήσᾱνϊδςῗ
674 2618 733 2649 Κα
736 2614 944 2662 ρθάλωνος]
976 2619 1236 2661 Καρθαλῶνος
1267 2619 1304 2651 Η
1450 2616 1508 2650 95.
1553 2614 1812 2662 ἐκβιβάσανῒές

415 2656 554 2700 Rhod„
579 2629 841 2718 ἐμβιβασαντες
863 2664 901 2697 H
999 2664 1073 2699 99.
1097 2664 1159 2699 καὶ
1183 2662 1366 2720 μηχανας]
1391 2666 1474 2704 ταῖς
1492 2665 1672 2707 μηχαναῖς
1690 2662 1810 2696 Rhod.

506 2703 540 2737 3·
576 2706 754 2754 σώμασιν]
789 2707 933 2753 σώμασι
955 2711 993 2744 H
1095 2710 1130 2744 4.
1164 2721 1265 2756 συμφ
1269 2709 1469 2746 ωνούντων
1493 2709 1610 2743 Rhod.
1623 2734 1633 2750 ‚
1660 2704 1814 2754 συμφώ-

416 2761 488 2784 νων
513 2752 550 2785 Π
642 2754 676 2788 6.
696 2755 789 2790 -7,
819 2769 911 2799 zzz-9.
925 2775 967 2782 -
989 2757 1113 2802 τριςχ.]
1136 2757 1171 2803 δ
1186 2777 1230 2784 -
1251 2758 1335 2803 yH
1443 2756 1479 2790 9.
1503 2755 1641 2790 Ἰετίνοι
1658 2756 1695 2787 Η

417 2794 630 2842 ἐκβαλόντες
647 2800 699 2835 ed.
718 2802 859 2845 Rhod„
885 2791 1172 2848 ἐκβάλλοντεςΗ
1251 2771 1332 2837 γἸΙ.
1354 2801 1633 2845 Ἠνατταρῖνοι]
1660 2797 1810 2846 meoe-

417 2846 516 2888 ρῖνοι
537 2846 793 2893 Wcsselingius
918 2849 977 2884 12.
1016 2852 1245 2896 Τννδαρῖται
1266 2850 1398 2892 Βὴοᾱ.,
1427 2849 1662 2894 Τυνδαρίδαι
1683 2849 1721 2883 Η
1785 2857 1788 2860 ’
