1968 3346
390 237 447 278 58
644 231 944 275 EXCERPTA
972 230 1260 277 VATICANA
1288 231 1335 275 L.
1358 232 1513 276 XXIII.

388 361 488 399 κεν,
526 343 658 396 αὐτὸς
687 343 734 388 δὲ
761 348 868 402 πεζῇ
895 360 1071 400 παριων
1099 343 1235 389 ἐδεῖτο
1265 344 1324 401 μή
1362 346 1567 401 γενέσθαι
1595 350 1672 419 τῆς
1697 349 1771 406 ἥτ-

388 420 464 460 της
492 403 566 447 καὶ
595 406 672 458 τῆς
702 401 915 452 ἀπωλείας
946 403 1111 452 αἰτίους
1141 401 1334 453 ἅπαντος
1352 407 1433 446 τοῦ
1452 405 1767 458 στρατοπέδου.

502 459 645 503 πάντα
681 459 764 514 γάρ
798 475 850 515 τῃ
891 457 1060 501 συνέσει
1097 457 1263 528 βάσιμα
1301 459 1376 502 καὶ
1414 460 1581 504 δυνατοὶ
1605 463 1771 518 γίνεται

388 520 464 573 τῆς
492 517 640 572 τέχνης
669 516 715 559 ἐν
743 519 850 560 πᾶσι
869 515 1150 570 χειρουμένης
1177 514 1259 571 τήν
1284 517 1401 586 βίαν.
1428 542 1481 548 --
1524 519 1612 561 Καὶ
1633 519 1772 562 καθοί-

360 581 468 627 5περ
498 574 548 616 τό
580 577 704 629 σῶμα
733 577 810 628 τῆς
837 576 978 640 ψυχῆς
1006 571 1095 615 ἐστι
1125 573 1314 623 δοῦλον,
1346 571 1486 623 οὕτως
1514 576 1560 617 αἱ
1587 574 1772 631 μεγάλαι

387 629 598 700 δυνάμεις
625 647 677 687 τῃ
707 646 797 672 των
824 627 1051 687 ἡγεμόνων
1079 627 1312 672 ὑπείκουσι
1341 628 1568 686 φρονήσει.
1588 656 1641 663 —-
1677 635 1772 676 Τοῦ

385 688 497 744 πρὸς
524 686 574 731 τὸ
607 686 835 744 συμφέρον
863 686 1183 744 βουλευτηρίου
1211 700 1356 730 παντα
1384 687 1712 744 κατισχύοντος

523 814 580 848 58.
607 813 642 847 3.
676 809 829 858 βάσιμα]
855 808 996 868 βάδιμα
1019 812 1074 845 ed.
1094 812 1193 845 Rom.

522 861 580 894 58.
608 860 641 896 3.
674 858 826 915 γίνεται]
854 856 954 915 ἄγειν
977 860 1148 901 Excerpta
1171 856 1362 893 Hoeachel.

524 906 579 940 58.
604 907 638 940 7.
670 903 806 948 πάντα]
832 902 972 944 παντὸς
995 906 1165 948 Excerpta
1190 905 1397 939 Hoeschela
1422 904 1486 940 sed
1500 911 1650 952 utraque
1671 917 1771 941 men-

431 952 519 987 dose
543 953 670 998 opinor
693 952 762 987 τοῦ
786 951 955 985 dirimunt
978 962 997 984 a
1021 950 1300 996 βουλευτηρίου.

477 1064 536 1100 58.
559 1064 592 1099 6.
636 1066 739 1100 Haec
756 1064 926 1099 sententia
941 1063 984 1097 de
1005 1074 1151 1108 corpore
1174 1066 1208 1097 et
1231 1063 1363 1103 anima,
1385 1061 1539 1107 itemque
1562 1076 1707 1109 sequens
1724 1064 1769 1099 de

384 1116 523 1146 senatus
545 1112 738 1153 regimine,
763 1116 857 1145 extat
879 1110 986 1144 etiam
1008 1110 1044 1143 in
1071 1110 1277 1154 fragmentis
1299 1109 1554 1146 hoeschelianis
1577 1124 1609 1155 p.
1625 1111 1708 1145 504.
1732 1110 1770 1145 in

384 1159 477 1192 libro
502 1159 631 1192 XXIII.
680 1159 757 1201 Ego
781 1168 864 1190 vero
886 1161 1069 1199 utramque
1092 1156 1241 1197 retium,
1275 1159 1313 1189 ut
1339 1156 1484 1189 lectores
1507 1161 1769 1201 cognoscerent,

383 1205 451 1238 has
474 1205 652 1237 vaticanas
674 1203 838 1246 reliquias
861 1202 1032 1246 pertinere
1054 1203 1167 1235 adhuc
1190 1201 1233 1235 ad
1253 1201 1469 1244 praedictum
1486 1203 1617 1236 librum
1635 1204 1768 1238 XXIII.

384 1250 563 1284 Sententia
594 1250 719 1283 similis
742 1249 862 1292 priori.
918 1249 1073 1291 Utraque
1101 1259 1186 1281 vero
1219 1247 1388 1281 sententia
1421 1249 1577 1291 quuitur
1606 1250 1649 1283 de
1672 1250 1769 1284 Xan-

385 1296 526 1340 thippo
553 1296 704 1329 occurrit
727 1295 832 1328 etiam
856 1295 891 1328 in
915 1294 1102 1328 valesianis
1125 1293 1295 1336 excerptiS
1319 1305 1350 1335 p.
1372 1293 1453 1327 576.
1491 1295 1587 1328 MAI.

476 1341 533 1376 58.
557 1342 589 1375 7
622 1341 783 1385 Intellige
805 1344 963 1374 senatum
984 1350 1172 1375 romanum
1195 1339 1295 1374 clade
1319 1339 1450 1385 Reguli
1475 1341 1598 1377 audita
1622 1340 1769 1377 minime

383 1388 509 1425 animis
532 1387 892 1425 debilitatum.MA1.
