1968 3346
258 177 559 222 EXCERPTA
580 176 653 217 DE
683 174 837 217 VIRT.
866 173 945 214 ΕΤ
973 173 1086 216 VIT.
1116 173 1165 214 L.
1195 171 1389 215 XXXIV.
1449 174 1530 216 141

135 295 192 350 τῇ
218 285 273 336 δὲ
313 290 524 347 βαρύτητι
551 291 642 333 τῶν
682 288 824 344 ἔργων
849 285 1107 338 κατέξαινον
1134 284 1215 343 τὴν
1243 281 1347 339 παρ’
1381 279 1532 326 αὐτῶν
1559 286 1616 330 25

135 350 447 404 ταλαιπωρίαν

69 417 139 450 600
192 416 195 417 ’
240 405 339 449 ““Ότι
367 400 628 459 Δαμόφιλός
661 416 726 451 τις
767 394 823 456 ἦν
851 399 900 443 τὸ
931 397 1057 469 γένος
1083 398 1306 449 Ἐνναῖος,
1346 414 1429 468 την
1458 394 1535 440 ού-

139 464 240 506 σίαν
268 460 640 532 μεγαλόπλουτος,
666 458 759 500 τόν
789 455 959 511 τρόπον
996 454 1304 511 ὑπερήφανος,
1345 453 1393 505 ὃς
1430 458 1535 497 πολ-

137 520 237 576 λὴν·
249 518 392 590 χώρας
421 518 632 570 περίοδον
657 518 892 584 γεωργῶν,
932 517 1210 581 παμπληθεῖς
1240 512 1284 554 δὲ
1315 511 1536 579 βοσκημά-

136 593 226 620 των
266 574 441 630 ἀγέλας
462 572 750 627 κεκτημένος,
800 569 855 614 οὐ
901 569 1043 625 μόνον
1082 569 1170 640 τὴν
1215 585 1393 623 τρυφην
1445 572 1534 611 τῶν
1563 572 1620 612 30

136 632 247 678 κατὰ
291 632 499 674 Σικελίαν
533 628 758 672 Ἰταλικῶν
795 626 1028 696 ἐζήλωσεν,
1069 624 1179 669 ἀλλά
1216 626 1290 668 καὶ
1330 624 1381 667 τὸ
1419 623 1531 667 κατὰ

135 689 242 740 τούς
272 688 440 738 οἰκέτας
469 689 650 757 πλῆθος
672 685 745 728 καὶ
779 683 860 740 τήν
897 685 956 734 εἰς
986 681 1174 733 τούτους
1205 681 1533 734 ἀπανθρωπίαν

136 747 210 795 καὶ
239 743 475 816 βαρύτητα.
507 743 577 786 ἐπὶ
606 742 685 798 μὲν
721 741 802 812 γὰρ
834 745 920 795 τῆς
948 738 1095 811 χώρας
1132 741 1296 789 ἵππους
1323 754 1368 780 τε
1398 742 1532 780 πολυ-

135 807 270 853 τελεῖς
303 801 376 844 καὶ
406 798 724 854 τετρακύκλους
755 796 925 852 ἀπήνας
953 795 1045 868 μετ’
1076 798 1257 840 οἰκετῶν
1287 806 1533 848 στρατιωτι-

135 864 230 903 κῶν
258 856 508 913 περιήγετο·
549 855 661 909 πρὸς
692 856 738 898 δὲ
767 853 941 905 τούτοις
972 853 1200 907 εὐπρεπῶν
1228 854 1400 896 παίδων
1429 855 1532 906 πλῆ-
1560 850 1617 894 35

134 922 243 967 θος,
282 916 342 958 ε’τι
382 914 428 958 δε
464 912 667 956 κολάκων
701 910 935 967 ἀναγωγὸν
962 908 1257 965 παραδρομὴν
1297 909 1361 980 ἔεχ
1344 925 1407 951 ειν
1446 908 1536 963 ἐφι-

135 977 365 1043 λοτιμεῖτο.
395 969 506 1014 κατὰ
543 969 590 1013 δὲ
626 968 707 1024 τὴν
739 971 869 1012 πόλιν
896 968 968 1011 καὶ
997 967 1075 1017 τάς
1105 967 1306 1016 ἐπαύλεις
1338 964 1537 1021 ἀργυρω-

136 1029 286 1086 μάτων
315 1028 508 1078 ἐκθέσεις
537 1030 759 1080 τορευτῶν
789 1026 863 1068 καὶ
884 1023 1152 1081 στρωμάτων
1180 1024 1430 1067 θαλαττίων
1459 1038 1537 1064 πο-

133 1087 354 1136 λυτελείας
393 1084 721 1137 εκπονούμενος
764 1084 1024 1137 παρετίθετο
1066 1079 1278 1135 τραπέζας
1309 1077 1537 1133 ὑπερηφά-

133 1159 243 1194 νους
268 1143 344 1185 καὶ
368 1139 606 1212 ’βασιλικάς
631 1145 726 1189 ταῖς
746 1141 1008 1191 δαψιλείαις,
1039 1137 1293 1191 υπεραίρων
1316 1154 1402 1206 την
1422 1140 1532 1188 Περ-

134 1199 263 1255 σικὴν
282 1215 458 1255 τρυφην
480 1203 576 1248 ταῖς
595 1195 813 1247 δαπάναις
833 1197 905 1240 καὶ
930 1197 1240 1245 πολυτελείαις.
1268 1192 1537 1264 ὑπερέβαλλε

133 1257 182 1300 δὲ
211 1274 288 1300 και
317 1256 428 1300 κατὰ
455 1254 536 1309 τὴν
564 1253 890 1309 υπερηφανίαν.
933 1251 1162 1308 ἀπαγωγὰς
1190 1251 1274 1320 γὰρ
1305 1252 1380 1294 καὶ
1411 1249 1537 1293 ἀπαι-

134 1312 428 1368 δευτότροπος
469 1312 668 1363 έξουσιας
709 1309 1025 1354 ἀνυπευθύνου
1058 1310 1140 1353 καὶ
1171 1307 1327 1358 ου’σίας
1343 1310 1536 1378 μεγαλο-

133 1369 332 1414 πλούτου
380 1368 645 1422 κυριεύσας
658 1366 714 1411 τὸ
761 1368 840 1421 μὲν
891 1371 1070 1420 πρῶτον
1110 1364 1249 1419 κόρον
1287 1364 1532 1420 ἐγέννησεν,

134 1426 236 1470 εἶθ’·
230 1426 405 1482 ὕβριν
446 1426 496 1469 τό
529 1425 592 1467 ὁὲ
616 1429 866 1467 τελευταῖον
901 1421 1111 1477 ὄλεθρον
1133 1423 1275 1477 ἑαυτῷ
1314 1422 1387 1464 καὶ
1427 1433 1530 1475 συμ
1562 1421 1618 1466 45

133 1484 280 1540 φορὰς
311 1482 499 1539 μεγάλας
535 1499 587 1538 τῃ
621 1483 807 1534 πατρίδι.
844 1479 1072 1536 ἀγοράζων
1100 1481 1184 1536 γὰρ
1216 1481 1400 1521 οἰκετῶν
1429 1481 1533 1532 πλῆ-

132 1547 239 1592 θος,
279 1538 545 1606 ὑβριστικῶς
576 1536 728 1587 αὐτοῖς
755 1537 1072 1592 προςεφέρετο,
1102 1539 1315 1592 στίγμασι
1346 1534 1532 1589 σιδηρου

133 1595 361 1653 χαράττων
390 1596 444 1639 τὰ
475 1593 653 1649 σώματα
682 1598 770 1636 τῶν
800 1594 1044 1648 ἐλευθέρων
1072 1610 1152 1648 μεν
1183 1594 1229 1636 ἐν
1257 1594 1437 1646 πατρίσι
1466 1607 1533 1647 γε-

133 1654 434 1711 γεννημένων,
483 1652 775 1706 αἰχμαλωσίας
806 1651 850 1694 δε
890 1652 964 1694 καὶ
995 1653 1202 1705 δουλικῆς
1230 1649 1360 1704 τύχης
1389 1663 1533 1692 πεπει-
1562 1648 1619 1693 50

136 1712 356 1766 ραμένων.
388 1709 461 1753 καὶ
489 1708 661 1752 τούτων
689 1707 796 1758 τούς
825 1724 904 1777 μεν
934 1705 1086 1758 πέδαις
1115 1705 1342 1777 δεσμεύων
1369 1707 1428 1757 εἰς
1455 1705 1533 1755 τάς

136 1769 423 1835 συνεργασίας
453 1765 675 1834 ενέβα-λῑλε,
712 1764 816 1815 τούς
847 1764 893 1808 δὲ
922 1770 1072 1820 νομεῖς
1102 1762 1408 1807 ἀποδεικνύων
1434 1760 1531 1806 οὔτ’

133 1825 323 1895 εσθῆτας
353 1822 454 1867 οὔτε
467 1838 654 1893 τροφας
683 1821 880 1876 ἐχορήγει
908 1839 985 1872 τας
1015 1820 1331 1891 ἁρμοττούσας.

236 1880 336 1924 ’Ότι
365 1879 388 1924 ὁ
422 1878 557 1930 αὐτὸς
575 1878 858 1935 Δαμόφιλος
870 1877 942 1922 διὰ
965 1895 1045 1933 την
1069 1876 1318 1921 αὐθάδειαν
1346 1877 1420 1921 καὶ
1451 1875 1533 1948 τὴν
1563 1876 1631 1922 55.

134 1936 338 2006 ὠμότητα
368 1941 459 1980 τῶν
494 1934 670 1991 τρόπων
709 1934 792 1979 οὐκ
829 1936 886 1991 ἡν
920 1934 1084 2006 ἡιιέρα
1090 1933 1199 1978 καθ’
1237 1951 1294 1991 ην
1326 1932 1410 1977 οὐκ
1440 1933 1533 1992 ᾐκί-

135 1994 227 2049 ζετό
257 2007 378 2045 τινας
406 1997 497 2037 τῶν
528 1996 709 2037 οἰκετῶν
737 1990 806 2035 ἐπ’
841 1994 998 2044 αἰτίαις
1029 1991 1084 2035 ου’
1116 1993 1315 2042 δικαίαις.
1352 1989 1432 2046 οὐχ
1459 1993 1533 2047 ἡτ·

133 2058 215 2096 ιτον
255 2052 301 2095 δε
338 2051 363 2108 ἡ
402 2051 515 2107 γυνὴ
543 2049 706 2094 τούτου
737 2050 966 2119 Μεγαλλὶς
997 2051 1214 2105 χαίρουσα
1251 2053 1346 2100 ταῖς
1375 2047 1534 2104 ὑπερη-

135 2107 296 2165 φάνοις
330 2111 559 2164 τιμωρίαις
607 2105 740 2175 ῶμῶς
777 2105 1070 2160 προςεφέρετο
1110 2111 1205 2157 ταῖς
1249 2108 1533 2159 θεραπαινίσι

134 2166 208 2210 καὶ
238 2169 328 2208 των
368 2167 551 2209 οἰκετῶν
579 2170 673 2214 τοῖς
711 2161 999 2207 υποπεσοῦσι.
1047 2164 1122 2217 καὶ
1154 2162 1228 2206 δια
1265 2179 1347 2217 την
1382 2163 1424 2215 ἐξ
1455 2162 1532 2216 ἀμ
1561 2164 1617 2209 ’60

135 2222 342 2291 φοτέρων
370 2222 506 2279 ὕβριν
537 2223 609 2266 καὶ
630 2222 855 2276 τιμωρίαν
888 2215 1266 2291 ἀπεθηριώθησαν
1305 2221 1349 2262 οἰ
1375 2222 1534 2274 δοῦλοι

134 2278 249 2332 πρὸς
278 2279 386 2330 τούς
422 2281 632 2334 κυρίους,
663 2277 747 2321 καὶ
784 2277 1068 2348 διαλαβόντες
1105 2277 1242 2333 μηδὲν
1281 2277 1343 2321 ε’τι
1385 2282 1534 2332 χεῖρον

135 2339 226 2380 τῶν
252 2334 489 2390 παρόντων
514 2335 671 2387 αυτοῖς
702 2339 852 2378 κακῶν
882 2333 1213 2391 ἀπαντήσεσθαι

237 2392 338 2436 ’Ότι
365 2392 475 2436 κατὰ
501 2395 580 2449 τὴν
600 2394 811 2437 Σικελίαν
838 2393 895 2447 ἠν
920 2396 1007 2435 τοῦ
1027 2392 1296 2460 Δαμοφίλου
1314 2388 1532 2446 θυγάτηρ,
1561 2398 1617 2442 65

136 2448 362 2502 παρθένος
390 2467 469 2506 μεν
498 2451 580 2506 τήν
606 2451 816 2519 ἡλικίαν,
816 2447 1045 2519 ἁπλότητι
1075 2449 1122 2492 δὲ
1150 2447 1329 2501 τρόπων
1359 2448 1435 2490 καὶ
1466 2462 1536 2502 φι-

136 2508 400 2563 λανθρωπία
439 2507 728 2581 διαφέρουσα
768 2505 878 2562 αὕτη
915 2507 1023 2557 τούς
1060 2505 1407 2561 μαστιζομένους
1444 2503 1535 2547 υπὸ

136 2566 228 2607 τῶν
268 2563 436 2621 γονέων
474 2562 541 2609 ἀεὶ
579 2565 818 2622 φιλοτίμως
855 2562 1004 2609 εἰώθει
1041 2566 1410 2619 παρηγορεῖσθαι,
1460 2561 1535 2604 καὶ

230 2667 310 2702 600.
333 2667 391 2702 28.
421 2669 598 2714 περίοδον
615 2664 805 2710 Rffisffius,
828 2665 1001 2711 πάροδον
1023 2667 1057 2701 V
1219 2665 1276 2700 40
1303 2664 1531 2719 δαψιλείαις]

140 2712 333 2759 ὃαψιλίαις
354 2715 387 2748 V
531 2715 589 2751 42.
610 2713 956 2757 ἀπαιδευτότροπος
979 2713 1167 2756 ReiskiuS‚
1193 2708 1533 2754 ἀναπαιδευτότρο-

137 2765 209 2800 iHQ·
230 2761 262 2792 V
411 2760 469 2796 52.
503 2758 589 2797 οὔτ’
612 2761 790 2810 ἐσθῆτας]
816 2759 910 2797 οὔθ’
937 2760 1102 2808 ἐσθῆτας
1124 2760 1157 2793 V
1302 2759 1359 2797 57.
1385 2762 1531 2806 Μεγαλ-

138 2806 192 2847 λὶς
214 2806 393 2852 Valesius,
419 2808 605 2851 Μεταλλὶς
627 2811 659 2844 V
