1968 3346
322 179 624 223 EXCERPTA
655 179 942 223 VATICANA
972 181 1017 223 L.
1038 180 1254 224 XXXVII.
1265 182 1420 224 —XL.
1486 187 1562 227 131

172 295 332 339 εἴωθεν
360 291 390 350 ἡ
419 290 528 348 τύχη
555 290 667 346 πρὸς
695 291 746 336 τὸ
776 289 880 335 δέον
909 291 983 334 καὶ
1011 291 1117 344 τοὺς
1146 289 1249 336 καθ’
1282 292 1441 349 ἑτέρων
1475 292 1566 338 αὸι·

172 350 256 395 κόν
285 366 327 393 τι
357 347 748 419 μηχανησαμένους
776 353 869 398 τοῖς
893 347 1046 399 αὐτοῖς
1067 348 1344 420 περιβάλλειν
1365 350 1565 420 συμπτώ-

171 419 290 463 μασι.
319 405 432 450 κατὰ
449 404 500 448 τὸ
519 404 663 459 παρὸν
683 407 788 456 ἴσως
805 410 1118 458 τυραννοῦσιν,
1140 404 1229 449 ἀλλ’
1248 405 1438 475 ὕστερον
1457 406 1563 464 ὑφέ-

172 466 299 516 ξουσι
327 463 403 514 τὰς
432 465 522 505 τῶν
551 466 831 516 τυραννικῶν
861 460 1151 518 ἀνομημάτων
1180 461 1391 515 εὐθύνας.

272 553 378 596 “On
416 550 542 613 Κρής
583 551 607 594 ὁ
647 550 790 595 ἐλθών
823 551 933 606 πρὸς
961 550 1146 596 Ἰούλιον
1172 552 1251 598 τόν
1277 552 1454 596 ’ὕπατον
1492 554 1562 598 ἐπὶ
1591 567 1618 607 5

170 610 419 663 προδοσίαν
451 613 569 652 εἰπεν
589 607 668 651 Av
708 606 772 652 δι’
814 608 922 662 ἐμοῦ
952 607 1172 679 κρατήσῃς
1208 612 1298 652 τῶν
1327 612 1560 678 πολεμίων,

171 668 271 710 τίνα
314 664 467 717 δώσεις
503 666 668 720 μισθὸν
706 668 782 721 τῆς
811 663 1080 722 εὐεργεσίαςς
1105 665 1150 724 ,ὁ
1194 666 1432 736 στρατηγὸς
1472 672 1562 711 εἰπε

174 721 290 795 Ποιή
295 734 357 766 σω
390 733 436 766 σε
473 723 658 776 πολίτην
682 720 899 777 Ρωμαῖον
928 723 1002 766 καὶ
1033 723 1107 792 ἔσῃ
1138 719 1244 777 παρ’
1282 722 1378 778 ἐμοὶ
1407 724 1562 778 τίμιος.

171 778 196 823 ὁ
228 741 290 823 δεη
304 778 426 835 Κρής
463 777 688 848 διαχυθεις
731 778 800 822 ἐπὶ
835 782 900 848 τῷ
940 779 1121 835 ῥηθέντι
1157 780 1391 831 Πολιτεία,
1434 782 1560 849 φησί,

169 836 292 890 παρά
322 835 495 907 Κρησὶν
533 833 869 905 εὐφημούμενός
899 835 988 879 ἐστι
1024 840 1172 905 λῆρος.
1209 834 1446 891 τοξεύομέν
1474 836 1617 892 γιὶριο

170 891 334 965 ἡμεῖς
326 892 396 936 ἐπι
423 890 472 935 τό
505 891 684 945 κέρδος,
727 893 802 935 καὶ
837 908 929 936 παν
957 891 1097 961 βέλος
1135 891 1269 960 ἡμων
1291 892 1422 947 χάριν
1453 894 1558 947 [καὶ]

171 951 411 1020 αργυρίου,
447 948 685 1018 νεμόμενοι
721 952 867 992 πᾶσαν
905 948 1055 1018 χώραν
1093 949 1167 991 καὶ
1206 946 1443 991 θάλατταν.
1491 950 1561 993 διὸ

105 1005 293 1062 ῙΞΟκάγω
330 1009 416 1049 νῦν
446 1003 663 1074 ἀργυρίου
691 1004 821 1060 χάριν
848 1003 963 1061 ilum·
993 1004 1047 1048 τὰ
1077 1005 1124 1048 δὲ
1153 1008 1230 1060 τῆς
1259 1007 1478 1057 πολιτείας
1504 1008 1563 1049 τί-

170 1079 251 1119 μια
279 1067 372 1114 τοῖς
398 1062 498 1116 περὶ
526 1059 688 1117 ταύτης
714 1065 801 1105 νῦν
830 1059 1166 1118 διαφερομένοις
1192 1077 1469 1118 παραχωρει,
1500 1064 1563 1106 οῖ’-

310 1198 388 1232 131.
415 1198 449 1232 6.
476 1193 600 1252 εἶπεν]
629 1193 708 1231 εἶπε
732 1197 787 1230 ed.
813 1199 914 1232 Rom.

308 1245 386 1279 131.
411 1245 445 1278 8.
476 1239 675 1288 Ρωμαῖον]
698 1238 890 1288 Ρωμαίων
915 1244 973 1278 ed.
997 1245 1122 1286 Rom.‚
1155 1243 1217 1278 sed
1241 1244 1489 1290 interpretatio
1513 1246 1563 1279 ci-

212 1303 293 1326 vem
322 1294 372 1323 Ru
366 1302 532 1323 umanum.

308 1336 386 1370 151.
414 1337 470 1370 10.
504 1331 718 1378 τοξεύομέν]
744 1331 961 1378 τευξόμενοι
985 1334 1040 1369 ed.
1066 1336 1168 1369 Rom.

308 1383 389 1419 131.
417 1383 472 1417 11.
504 1379 610 1426 χάριν
632 1381 718 1424 τοῦ]
746 1383 831 1416 Cod.
854 1379 964 1426 χάριν
987 1381 1061 1416 καί.
1092 1381 1191 1416 ΜΑΙ.

262 1505 344 1539 1ἓ1.
367 1504 402 1539 4.
438 1505 538 1539 Haec
563 1504 682 1539 omnia
705 1504 917 1548 quadrarent
941 1503 976 1538 in
1000 1503 1179 1545 Marium,
1202 1501 1268 1536 nisi
1292 1502 1381 1537 illud
1405 1503 1563 1540 additum

168 1555 278 1592 esset,
310 1551 404 1595 quod
426 1562 552 1595 nempe
574 1551 639 1585 iste
663 1562 857 1595 anonymus
881 1551 1023 1584 carebat
1046 1550 1162 1583 indole
1183 1550 1329 1593 propria
1352 1550 1396 1583 ad
1421 1551 1562 1585 clarita-

167 1601 240 1631 tem
267 1596 419 1631 nominis
450 1598 738 1640 consequendam.
788 1598 887 1642 Ergo
918 1597 961 1630 (le
992 1596 1064 1630 alio
1090 1597 1212 1640 quovis
1245 1606 1307 1629 scu
1329 1607 1477 1631 romano
1500 1608 1563 1633 seu

167 1643 292 1679 italico
315 1643 491 1677 Diodorus
513 1644 678 1687 quuitur.
715 1644 813 1677 MAI.

259 1700 341 1737 131.
365 1701 399 1735 5.
439 1700 566 1735 Sextus
590 1701 698 1735 Iulius
721 1702 853 1735 Caesar
876 1699 1094 1734 consulatum
1125 1708 1217 1733 anno
1241 1698 1426 1734 nemun.
1459 1711 1564 1743 ζει-ον

166 1747 253 1790 hat,
286 1758 355 1790 quo
379 1752 535 1790 tempore
559 1747 688 1781 sociale
720 1748 854 1780 bellum
881 1747 1030 1780 exarsitz
1059 1745 1288 1787 quamobrem
1311 1746 1476 1779 cretensis
1499 1747 1563 1780 ho-

167 1793 272 1828 minis
296 1794 428 1827 mentio
451 1794 524 1826 sine
548 1794 655 1827 dubio
677 1794 721 1826 ad
745 1793 849 1826 huius
874 1791 1040 1835 temporis
1062 1791 1248 1825 historiam
1273 1791 1564 1834 pertinet.1am-

167 1850 254 1873 νει-ο
277 1838 402 1872 S‹xtus
427 1839 538 1873 Iulius
562 1851 643 1873 cons
647 1840 682 1872 ul
707 1839 802 1873 haud
826 1850 868 1882 eq
871 1838 986 1871 uidem
1011 1838 1046 1870 in
1071 1838 1197 1875 Creta,
1234 1838 1294 1870 sed
1318 1837 1354 1870 in
1377 1837 1481 1871 Italia
1505 1849 1563 1872 ab
1618 1837 1621 1838 ⁷

168 1885 237 1920 mis
259 1885 432 1930 praefuit,
456 1889 495 1920 ut
517 1896 680 1928 praesens
703 1885 887 1919 necessitas
911 1883 1136 1937 postulabat3
1158 1887 1267 1925 utque
1286 1883 1428 1917 tradunt
1443 1883 1564 1919 Livius

168 1931 206 1965 in
239 1931 392 1975 epitome
423 1931 485 1965 lib.
514 1931 686 1973 Lxxlll,
721 1936 755 1966 et
777 1930 955 1974 Appianus
986 1929 1398 1972 be11.civ.1.40.sqq
1446 1930 1566 1974 Quare

169 1981 205 2012 et
226 1989 301 2011 cres
324 1978 432 2011 homo
455 1977 491 2010 in
514 1977 619 2012 Italia
641 1988 786 2021 operam
808 1988 910 2010 suam
934 1975 1159 2020 proditricem
1182 1974 1274 2008 Iulio
1298 1974 1465 2009 obtulisse
1488 1988 1565 2010 cre-

170 2024 302 2057 dendus
326 2027 388 2058 est.
437 2024 598 2057 Iamvero
634 2025 734 2058 docet
766 2034 828 2056 nos
859 2023 953 2056 Livii
987 2022 1139 2065 epitome
1162 2020 1246 2054 libri
1265 2020 1416 2062 LXXII,
1449 2026 1563 2056 exter-

170 2080 296 2103 narum
327 2080 465 2113 quoque
498 2069 656 2114 gentium
690 2069 819 2103 auxilia
852 2068 1006 2102 adfuisse
1031 2068 1200 2101 Romanis
1232 2067 1328 2100 bello
1351 2067 1494 2109 sociali3
1528 2072 1563 2103 et

170 2115 313 2159 quidem
336 2116 504 2149 Memnon
537 2117 631 2159 apud
664 2116 832 2149 Photium
866 2115 941 2149 cod.
968 2114 1151 2147 CCXXIV.
1186 2124 1221 2156 p.
1244 2112 1338 2154 727,
1371 2114 1489 2156 copias
1520 2126 1561 2148 cx

169 2161 302 2195 oriente
322 2161 512 2195 auxiliares
535 2165 734 2203 memorat,
757 2161 794 2194 id
817 2165 869 2195 est
891 2160 1047 2204 ponticas
1066 2160 1312 2193 heraclienses.
1344 2159 1428 2193 Pari
1452 2160 1562 2205 igitur

169 2206 248 2241 iure
269 2207 430 2241 existimo
455 2208 633 2242 Cretenses
663 2219 801 2251 quoque.
833 2206 1022 2240 auxiliares
1046 2207 1178 2249 aliquot
1203 2204 1375 2238 Romanis
1398 2217 1562 2248 superve-

170 2254 282 2295 nisse,
307 2258 392 2297 puta
412 2254 615 2298 sagittarios
639 2253 674 2288 in
697 2252 906 2288 exercitibus
929 2252 1084 2287 romanis
1106 2263 1175 2286 non
1198 2250 1402 2287 incelebres.
1443 2253 1481 2286 In
1504 2253 1562 2287 his

169 2299 325 2343 proditor
347 2299 410 2332 ille
433 2300 511 2334 fuit.
546 2300 649 2336 MAI.

263 2355 428 2390 131.12.
470 2356 689 2390 Cretensium
705 2356 892 2391 avaritiam
915 2359 951 2390 et
973 2355 1103 2389 nullius
1125 2354 1236 2397 turpis
1257 2353 1347 2388 lucri
1370 2353 1564 2389 detrectans

172 2400 353 2447 ingenium
386 2401 542 2446 exagitat
565 2402 736 2447 Polybius
748 2403 811 2436 Vl.
835 2402 893 2436 46.
940 2402 999 2436 Illi
1031 2401 1138 2436 etiam
1164 2400 1265 2434 Bolis
1296 2404 1331 2434 et
1355 2401 1560 2444 ΟθιιιίῃΙιιε,

170 2448 232 2492 qui
254 2447 401 2492 pecunia
433 2452 577 2492 accepta
608 2460 731 2493 regem
753 2448 936 2482 Achaeum
961 2447 1006 2482 ad
1028 2447 1242 2492 supplicium
1265 2445 1439 2480 Antiocho
1463 2448 1561 2480 dedi-

171 2494 314 2534 derunt,
339 2494 518 2528 Cretenses
541 2497 651 2528 erant.
676 2493 1002 2538 Polyb.V111.18.
1050 2493 1172 2527 Livius
1195 2504 1334 2537 quoque
1359 2493 1476 2526 XLIV.
1502 2492 1561 2526 45.

172 2539 244 2574 ait.
282 2541 460 2574 Cretenses
483 2550 578 2583 spem
601 2540 770 2583 pecuniae
793 2540 919 2581 secuti,
952 2539 1006 2574 illi
1039 2539 1174 2573 scilicet
1200 2538 1260 2582 qui
1291 2537 1357 2571 soli
1381 2538 1560 2578 Perseum,

171 2596 193 2620 a
217 2585 341 2620 ceteris
364 2586 559 2627 desertum,
583 2590 727 2629 propter
751 2585 942 2620 incolumes
959 2586 1072 2620 adhuc
1090 2586 1276 2619 thesauros
1294 2583 1450 2617 comitati
1470 2591 1559 2619 sunt.

171 2633 351 2666 Cretenses
382 2631 474 2665 inter
503 2631 653 2665 latrones
684 2631 831 2665 collocat
855 2631 977 2665 Cicero
1010 2632 1054 2665 de
1083 2643 1155 2675 rep.
1177 2630 1239 2664 III.
1263 2629 1299 2663 9.
1347 2629 1459 2663 Notae
1481 2635 1560 2665 sunt

171 2678 245 2712 «livi
267 2689 405 2721 quoque
426 2677 530 2711 Pauli
561 2677 604 2711 de
626 2677 846 2711 Cretensibus
876 2678 1039 2721 querelae
1068 2677 1113 2711 ad
1137 2675 1210 2710 Tit.
1232 2676 1259 2710 I.
1284 2674 1329 2707 12
1342 2699 1351 2717 ‚
1385 2675 1428 2708 ad
1453 2687 1557 2720 quem

169 2724 287 2758 Iocum
311 2725 423 2758 multa
453 2723 612 2768 congerit
634 2723 922 2758 Rosenmullerus
951 2735 1043 2766 quae
1071 2723 1116 2757 ad
1140 2720 1356 2756 Cretensium
1389 2721 1558 2766 obiurga-

169 2769 301 2804 tionem
324 2769 506 2813 pertinent.
553 2770 653 2804 Haec
685 2780 747 2803 nos
780 2769 984 2804 eruditionis
1006 2769 1122 2814 gratia
1145 2768 1353 2811 scribimus,
1385 2777 1453 2802 non
1477 2767 1558 2804 odio

169 2815 384 2850 Cretensium
411 2814 601 2858 commoti,
625 2826 775 2859 quorum
797 2816 972 2850 neminem
997 2814 1305 2851 novimus.MA1.

1220 2865 1284 2901 90
