1968 3346
137 855 251 915 EX
283 857 355 912 A.
384 855 561 913 MAH
595 851 1148 912 PRAEFATIONE
1183 853 1294 911 AD
1323 852 1527 912 SCRI-

179 943 524 1001 PTORVM
559 945 948 1002 VETERVM
978 941 1268 1000 NOVAM
1301 942 1490 1003 COL-

325 1031 788 1094 LECTIONEM
818 1038 931 1091 vol.
957 1035 1028 1089 Il.
1063 1057 1120 1112 p.
1141 1034 1278 1090 XV.
1303 1054 1348 1092 s.

144 1503 361 1576 Vaticani
384 1533 657 1591 palimpsesti
680 1532 808 1576 lectio
831 1534 1037 1592 nuspiam
1061 1532 1175 1576 mihi
1194 1533 1364 1578 felicior
1386 1550 1431 1577 se
1455 1536 1534 1577 ob-

144 1605 273 1657 tulit,
302 1605 510 1662 nuspiam
529 1605 786 1646 uberiorem
813 1606 1044 1647 materiam
1068 1606 1370 1663 suppeditavit·
1399 1621 1534 1663 quam

146 1678 191 1718 in
220 1675 358 1717 siculo
379 1676 601 1717 Diodoro:
641 1682 815 1731 septem
844 1677 962 1718 enim
994 1678 1307 1733 quaterniones
1339 1678 1535 1734 integros

146 1747 317 1804 reperi,
351 1753 480 1803 atque
504 1747 550 1787 in
569 1746 637 1787 his
658 1746 844 1789 ineditos
872 1748 1072 1805 quinque
1100 1746 1164 1805 (p.
1192 1749 1317 1804 134).
1376 1748 1538 1790 Nullae

147 1819 206 1861 ob
236 1817 458 1860 soliorum
490 1816 718 1859 defectum
746 1817 948 1870 lacunae3
978 1826 1157 1860 tantum
1187 1820 1217 1860 ii
1246 1826 1350 1861 sunt
1377 1819 1538 1870 hiatus,

149 1905 263 1946 quos
291 1888 531 1944 eclogarius
560 1888 750 1930 instituti
771 1889 839 1930 sui
859 1899 993 1932 tenax
1019 1896 1180 1948 sponte
1198 1889 1395 1947 reliquit.
1453 1891 1540 1933 Ha-

149 1961 303 2002 bemus
334 1960 470 2016 igitur
500 1975 523 2002 a
562 1959 678 2001 libro
720 1960 910 2017 septimo
940 1975 1081 2016 usque
1112 1959 1165 2001 ad
1203 1960 1428 2003 decimum
1465 1975 1540 2003 ex-

149 2038 300 2088 cerpta
338 2031 515 2074 inedita.
583 2029 752 2073 Deinde
791 2030 1013 2073 undecimi
1059 2030 1158 2072 libri
1202 2046 1250 2072 ac
1289 2031 1543 2072 duodecimi
1582 2082 1585 2083 ⁷

149 2110 297 2160 partes
327 2102 525 2158 cognitae
555 2109 687 2152 sunt,
718 2108 849 2157 atque
880 2117 903 2144 a
933 2117 1005 2144 me
1025 2102 1371 2160 praetermissae.
1419 2101 1544 2143 Libri

151 2172 272 2215 XIII.
303 2181 346 2215 et
376 2172 497 2215 XIV.
530 2172 675 2214 nullas
703 2172 875 2228 eclogas
905 2173 1015 2225 vidi,
1046 2173 1232 2228 ideoque
1262 2187 1366 2229 pars
1396 2172 1543 2229 aliqua

151 2243 310 2285 codicis
349 2243 615 2285 intercidisse
655 2244 853 2296 videtur,
891 2241 1017 2286 nullo
1051 2252 1202 2285 tamen
1233 2242 1443 2284 historiae
1472 2243 1545 2284 de-

152 2314 386 2365 trimento,
425 2315 785 2370 quandoquidem
825 2315 872 2356 in
910 2314 1220 2372 superstitibus
1250 2314 1371 2356 libris
1400 2329 1542 2356 versa-

154 2398 274 2426 mur.
333 2384 516 2440 Eclogas
545 2400 726 2436 rursus,
759 2400 783 2426 a
811 2384 928 2427 libro
959 2385 1046 2426 XV
1075 2399 1216 2441 usque
1245 2385 1298 2428 ad
1326 2385 1440 2435 XX,
1470 2390 1545 2426 ut·

154 2462 263 2511 pote
289 2456 512 2497 editorum
543 2455 788 2508 librorum,
826 2456 980 2497 missas
1009 2454 1105 2497 seci.
1166 2456 1426 2512 Sequuntur
1455 2458 1543 2497 iam

153 2526 343 2568 ineditae
382 2525 557 2582 eclogae
587 2541 610 2567 a
639 2526 849 2581 vigesimo
886 2527 1036 2584 primo
1065 2526 1181 2568 libro
1212 2540 1351 2582 usque
1381 2527 1434 2568 ad
1465 2541 1545 2568 ex-

154 2596 332 2653 pletum
354 2596 754 2652 quadragesimum,
784 2597 828 2638 id
847 2605 908 2638 est
931 2612 1071 2652 usque
1090 2597 1142 2638 ad
1168 2596 1376 2639 historiae
1393 2596 1543 2646 finem,

159 2676 208 2709 ut
237 2669 398 2709 idoneo
430 2667 526 2709 ioco
552 2667 719 2708 scholia
741 2682 839 2709 mea
858 2667 1078 2709 evidenter
1098 2667 1416 2710 demonstrant.
1456 2667 1542 2708 Sex

159 2738 364 2794 priorum
391 2737 599 2779 historiae
629 2736 852 2779 librorum
881 2745 1038 2780 utrum
1069 2745 1276 2795 excerpta
1305 2738 1544 2794 eclogarius

160 2808 332 2860 fecerit,
363 2808 586 2852 vaticanus
616 2807 903 2865 imperfectus
932 2808 1249 2866 palimpsestus
1278 2822 1368 2850 non
1398 2808 1521 2850 docet
1532 2821 1545 2857 3
