1968 3346
866 788 967 829 ΕΚ
1024 789 1191 832 ΤΩΝ
1720 794 1789 830 618

391 893 860 943 ΔΙΟΔΩΡΟΥ
911 895 1074 942 ΤΟΥ
1118 895 1670 944 ΣΙΚΕΛΙῼΤΟΥ

578 1006 862 1042 ΕΚΛΟΓΑΙ
903 1007 1057 1041 ΠΕΡΙ
1089 1007 1481 1042 ΠΡΕΣΒΕΙῼΝ.

279 1255 306 1294 1
323 1212 506 1288 Οτι
489 1241 559 1284 επὶ
583 1240 802 1284 Ὁστιλίου
837 1240 1010 1284 Τύλλου
1039 1243 1120 1283 τοῦ
1144 1239 1370 1310 Ρωμαίων
1397 1239 1609 1297 βασιλέως
1633 1240 1729 1286 Ἀλ-
1935 1271 1939 1298 ,

338 1302 473 1369 βανοὶ
497 1315 579 1355 την
608 1297 791 1354 αὔξησιν
820 1302 908 1341 τῶν
940 1297 1165 1353 Ῥωμαίων
1204 1297 1515 1354 ὑφορώμενοι,
1556 1299 1628 1342 καὶ
1659 1316 1732 1341 τα-
1933 1303 1939 1379 Ι

339 1363 551 1407 πεινῶσαι
585 1355 772 1406 τούτους
809 1354 1094 1410 βουλόμενοι,
1132 1355 1509 1426 προςεποιήσαντο
1550 1355 1619 1399 ἐπὶ
1654 1359 1732 1411 τῆς

284 1423 310 1466 5
340 1420 507 1464 ἑαυτῶν
534 1413 676 1469 χώρας
704 1412 932 1481 γεγονέναι
957 1411 1117 1468 λῃστὰς
1141 1411 1404 1467 Ῥωμαίους,
1433 1413 1506 1456 καὶ
1535 1411 1732 1468 ἔπεμψαν
1927 1391 1939 1476 ξ’

341 1479 404 1529 εἰς
428 1471 597 1527 Ρώμην
634 1467 901 1539 πρεσβευτας
937 1470 1043 1518 τοὺς
1079 1468 1128 1511 τὸ
1168 1471 1341 1513 δίκαιον
1382 1471 1662 1541 αἰτήσοντας,
1694 1470 1731 1514 εἰ

343 1534 390 1578 δὲ
420 1551 478 1589 μη
510 1527 774 1583 προςέχωσι,
802 1525 994 1595 πόλεμον
1024 1525 1406 1581 καταγγέλλοντας.
1442 1525 1656 1578 Οστίλιος
1685 1527 1733 1570 δὲ
1927 1476 1939 1624 ἲ

259 1599 312 1639 10
343 1591 368 1635 ὁ
397 1594 488 1635 τῶν
512 1586 738 1642 Ρωμαίων
767 1582 970 1653 βασιλεὺς
997 1582 1250 1638 πυθόμενος
1270 1600 1329 1634 ως
1356 1588 1534 1653 ζητοῦσι
1562 1583 1735 1639 πρόφα-

345 1661 417 1693 σιν
445 1644 662 1700 πολέμου,
692 1646 784 1692 τοῖς
812 1639 893 1696 μὲν
922 1641 1071 1695 φίλοις
1101 1640 1372 1712 παρήγγειλε
1400 1640 1505 1691 τούς
1534 1642 1734 1698 πρέσβεις

345 1703 604 1756 ἐκδέξασθαι
633 1699 707 1743 καὶ
737 1701 1007 1752 παρακαλεῖν
1044 1696 1116 1739 ἐπὶ
1152 1699 1317 1749 ξενίαν·
1363 1695 1495 1749 αὐτὸς
1524 1699 1569 1742 δὲ
1599 1699 1734 1742 ἐκκλί

343 1779 425 1814 νας
462 1759 543 1816 τὴν
584 1756 694 1810 πρὸς
732 1754 919 1805 τούτους
957 1754 1148 1805 ε’ντευξιν
1187 1753 1376 1809 ἐπεμψεν
1413 1756 1472 1805 εἰς
1501 1754 1736 1811 Ἀλβανούς

261 1824 314 1868 15
344 1819 394 1864 τὸ
423 1815 730 1885 παραπλήσιον
748 1817 838 1863 τοῖς
860 1812 1038 1855 ἐκείνων
1061 1808 1336 1867 ποιήσοντας.
1371 1817 1506 1856 τοῦτο
1537 1813 1583 1856 δὲ
1613 1824 1736 1856 συνε-

342 1876 511 1920 τέλεσεν
551 1871 749 1939 αρχαϊκῷ
781 1886 868 1912 τινι
903 1868 1140 1923 προαχθεὶς
1177 1868 1289 1919 ε’,θει
1333 1869 1406 1912 δια
1436 1868 1485 1912 τὸ
1516 1868 1621 1920 τοὺς
1657 1884 1736 1914 πα-

344 1933 495 1983 λαιοὺς
522 1929 674 1999 μηδὲν
694 1943 810 1971 ουτω
850 1924 1112 1978 σπουδάζειν
1150 1941 1210 1976 ως
1248 1924 1298 1969 τὸ
1337 1928 1537 1977 δικαίους
1573 1928 1736 1970 ενίστα-

347 1997 454 2035 σθαι
492 1986 726 2039 πολέμους.
772 1982 995 2053 εὐλαβεῖτο
1026 1982 1110 2037 γὰρ
1125 1982 1198 2052 ,μή
1230 1982 1334 2033 τοὺς
1364 1984 1530 2033 αἰτίους
1559 1987 1635 2039 τῆς
1664 1987 1738 2040 λῃ-

348 2049 489 2097 στείας
519 2041 626 2087 οὐθ’
658 2041 803 2095 εὑρεῖν
825 2038 1068 2094 δυνάμενος
1091 2039 1192 2082 οὔτε
1215 2039 1489 2094 παραδιδους
1512 2045 1603 2091 τοῖς
1629 2040 1738 2092 ἐξαι-

263 2112 319 2154 20
347 2109 475 2148 τοῦσι
505 2100 609 2156 δόξη
638 2098 830 2153 πόλεμον
860 2097 1018 2140 ἄδικον
1049 2097 1393 2149 ἐπαναιρεῖσθαι.
1432 2095 1738 2166 εὐτυχούντων

348 2162 396 2206 δὲ
426 2159 645 2214 πρότερον
675 2160 762 2199 τῶν
794 2171 853 2204 εις
880 2153 1044 2222 Ἀλβαν
1083 2154 1377 2208 πεμφθεντων
1408 2152 1458 2197 τὸ
1487 2153 1545 2209 μὴ
1575 2153 1739 2223 λαμβά-

347 2235 441 2262 νειν
469 2216 518 2260 τό
551 2216 742 2286 δίκαιον,
783 2214 844 2262 είς
872 2209 1040 2265 ἡμέραν
1068 2210 1332 2266 τριακοστὴν
1362 2209 1555 2265 πόλεμον
1584 2209 1741 2281 κατήγ-

347 2279 510 2332 γειλαν.
552 2271 603 2316 ὃν
644 2272 686 2314 οἱ
724 2269 803 2325 μὲν
841 2271 929 2310 τῶν
964 2267 1185 2322 Ἀλβανῶν
1217 2268 1482 2337 πρεσβευταὶ
1519 2284 1629 2312 κατα
1634 2283 1741 2338 την

349 2334 565 2388 ἐξαίτησιν
595 2324 830 2380 ἀπόκρισιν
854 2325 1013 2380 ε’λαβον
1043 2323 1110 2367 ὅτι
1138 2323 1354 2378 πρότερον
1382 2324 1561 2368 ἐκείνων
1591 2322 1646 2368 οὐ
1678 2327 1743 2369 δι-

269 2393 324 2436 25
356 2389 524 2433 δόντων
551 2384 600 2429 τό
640 2383 922 2433 δίκαιον,οοί
945 2381 1151 2436 Ρωμαῖοι
1188 2380 1382 2435 πόλεμον
1409 2380 1560 2434 αὐτοῖς
1589 2398 1742 2438 κατηγ-

349 2444 549 2504 γελκότες
578 2443 739 2498 είησαν
794 2440 838 2482 οἱ
867 2438 913 2482 δὲ
942 2440 1073 2494 δῆμοι
1109 2436 1222 2493 πρὸς
1264 2437 1478 2496 αλλήλους
1515 2439 1811 2497 επιγαμίαςὸω

444 2564 809 2608 618.1.Ὀστιλίου]
841 2558 1045 2599 Οστιλλίου
1068 2563 1108 2597 u
1132 2562 1173 2606 (ἰ.
1201 2573 1231 2596 e.
1258 2563 1365 2596 codex
1388 2564 1626 2608 Monacensis)

352 2613 599 2672 ζἈλβανοὶ]
621 2611 812 2668 Ἀλαβανοὶ
839 2611 879 2643 Μ
1016 2609 1050 2643 4.
1076 2610 1139 2645 καὶ
1162 2629 1206 2634 —
1231 2609 1455 2655 βουλόμενοι
1477 2612 1575 2646 addit
1597 2610 1637 2644 M

353 2665 390 2699 6.
414 2661 616 2705 Ρωμαίους
638 2661 697 2702 M,
735 2657 919 2703 Ρωμαίων
943 2656 975 2689 V
1007 2656 1058 2700 (i.
1084 2668 1113 2690 e.
1139 2657 1247 2689 codex
1259 2656 1416 2712 Vrsini)
1566 2657 1599 2691 9.
1624 2654 1741 2692 Ὁστί

356 2711 457 2754 λιος]
483 2707 679 2746 Οστίλλιος
704 2707 743 2739 M
880 2702 936 2737 15.
964 2699 1129 2747 οἷρχαὶκῷ
1151 2703 1210 2742 Μ,
1243 2700 1384 2748 οἷρχικςῦ
1410 2704 1440 2737 V
1579 2703 1633 2736 17.
1666 2700 1742 2734 ενί-

357 2759 519 2793 στασθαι
541 2756 624 2789 VVes
627 2751 812 2797 selingius‚
846 2747 1068 2784 ἐπίστασθαι
1091 2750 1152 2789 Μ,
1184 2746 1412 2791 ἐφίστασθαι
1435 2750 1488 2783 ed.
1514 2747 1630 2781 Vrsini
1660 2757 1742 2780 con-

357 2808 414 2838 tra
437 2804 542 2836 fidem
566 2800 716 2838 codicis,
741 2802 779 2831 ut
803 2796 962 2836 fidet-n,
1010 2807 1118 2839 quum
1143 2793 1365 2830 ἐπίστασθαι
1398 2796 1471 2838 ipse
1493 2798 1598 2840 ponat
1621 2792 1656 2826 in
1680 2803 1744 2826 an-

357 2850 536 2884 notatione
678 2845 735 2878 20.
760 2840 1016 2887 εὐτυχούντων
1049 2844 1107 2883 Μ,
1153 2839 1380 2892 ἐντυχόντων
1413 2843 1446 2877 V
1603 2839 1661 2875 21.
1692 2837 1746 2879 εἰς

359 2908 430 2932 om.
445 2896 486 2930 M
630 2891 689 2926 23.
715 2886 773 2935 ὃν]
796 2891 943 2925 fortasse
964 2889 1152 2935 legendum
1175 2885 1248 2924 εἷθ’
