1968 3346
378 246 677 291 EXCERPTA
705 245 993 288 VATICANA
1021 246 1069 287 L.
1091 245 1204 288 XXI.
1430 250 1488 291 47

73 377 255 431 χωραν
291 362 352 412 εἷς
388 360 469 417 τὴν
498 360 616 402 ἰδίαν
643 360 914 429 καταχθῆναι
946 360 1125 414 μερίδα,
1162 358 1274 415 πρὸς
1306 358 1353 403 δὲ
1381 355 1490 402 τού-

104 436 198 470 τοις
227 417 294 462 ὅτι
322 421 401 461 τοῦ
429 415 623 470 πολέμου
652 418 734 458 τοῦ
762 413 874 470 πρὸς
901 412 1149 471 Ἀντίγονον
1176 414 1491 471 κεκοινωνηκό-

104 493 178 526 τος
220 473 352 519 οὐδὲν
382 471 500 543 αὐτῷ
529 472 778 540 μετέδωκαν
815 473 859 514 οἱ
890 475 1082 542 βασιλεῖς
1116 477 1192 528 τῆς
1221 473 1490 541 δορικτήτου

10 561 11 564 =
51 538 96 576 43
108 531 278 588 χώρας,
307 529 419 584 πρὸς
448 528 608 579 ταύτας
637 527 715 579 τὰς
744 528 952 582 διαβολὰς
973 527 1143 572 α’ντεῖπε
1164 531 1380 579 Σέλευκος
1409 526 1492 584 φά-

11 610 13 623 2
110 605 241 645 μενος
266 589 438 631 δίκαιον
468 590 581 629 εἰναι
609 584 713 636 τοὺς
741 601 796 655 τῃ
824 585 1060 640 παρατάξει
1089 586 1391 642 κρατήσαντας
1420 602 1493 628 κυ-
1521 588 1550 632 5

111 647 236 700 ρίους
263 642 474 698 ὑπάρχειν
500 646 590 685 τῶν
621 640 906 697 δορικτήτων·
935 643 1036 695 περὶ
1066 643 1112 686 δὲ
1136 647 1211 697 τῆς
1233 645 1381 697 κοίλης
1403 645 1494 685 Συ-

110 704 207 757 ρίας
237 700 308 744 δια
345 700 433 769 τὴν
456 700 607 754 φιλίαν
648 698 717 741 ἐπὶ
751 702 831 740 τοῦ
847 698 1078 766 παρόντος
1108 700 1243 755 μηδὲν
1271 703 1496 752 πολυπρα-

107 756 362 814 γμονήσειν,
403 756 590 810 ὕστερον
621 755 665 799 δὲ
696 752 1016 809 βουλεύσεσθαι
1045 759 1138 807 πῶς
1163 755 1375 813 χρηστέον
1403 755 1494 799 ἐστὶ

108 819 199 858 τῶν
228 816 371 870 φίλων
399 818 491 864 τοῖς
520 812 804 869 βουλομένοις
832 816 1117 857 πλεονεκτεῖν.

225 906 273 945 ΙΙ.
302 901 552 973 ὑπερβολὴν
579 900 662 958 γὰρ
685 899 878 957 ἑκάτεροι
902 903 1154 972 φιλοτιμίας
1175 900 1230 946 οὐ
1248 900 1555 954 κατέλιπον,10

114 963 159 1006 οἱ
195 961 274 1018 μὲν
314 958 570 1010 Μακεδόνες
603 960 862 1009 σπεύδοντες
900 963 1038 1002 σῶσαι
1083 959 1161 1010 τὰς
1196 962 1416 1011 ναῦς,οί
1453 960 1500 1003 δὲ

115 1022 377 1063 Σικελιῶται
405 1013 668 1072 βουλόμενοι
693 1032 751 1083 μη
789 1013 930 1070 μόνον
959 1018 1277 1086 Καρχηδονίων
1306 1016 1381 1059 καὶ
1410 1019 1501 1058 τῶν

115 1075 227 1120 κατὰ
255 1090 334 1145 την
357 1071 544 1116 Ἰταλίαν
575 1069 817 1127 βαρβάρων
845 1072 1150 1128 περιγενέσθαι
1182 1076 1352 1125 δοκεῖν,
1390 1068 1500 1116 ἀλλὰ

116 1132 191 1176 καὶ
210 1131 310 1184 περὶ
329 1146 410 1186 την
426 1126 613 1171 Ἑλλάδα
641 1133 927 1199 θεωρηθῆναι
946 1131 1170 1182 κρείττους
1200 1129 1329 1180 ὄντας
1353 1133 1504 1172 Μακε

118 1187 263 1232 δόνων
296 1202 386 1230 των
421 1201 503 1241 την
529 1184 679 1229 Ἀσίαν
716 1186 790 1228 καὶ
826 1184 906 1243 τὴν
934 1185 1160 1244 Εὐρώπην
1195 1187 1559 1243 πεποιημένων15

116 1247 389 1300 δορίκτητον.

219 1323 322 1367 *Ότι
339 1320 606 1378 Ἀγαθοκλῆς
626 1322 662 1365 εί
682 1337 761 1377 μεν
787 1320 1063 1392 ἀποβιβάσας
1091 1321 1172 1379 τήν
1196 1322 1386 1393 δύναμιν
1415 1322 1506 1367 επι-

118 1381 336 1436 κειμένοις
364 1384 457 1429 τοῖς
483 1381 706 1431 πολεμίοις
737 1378 937 1429 ἐπέθετο,
976 1380 1217 1431 κατέκοψεν
1248 1380 1334 1423 ἂν
1344 1381 1507 1437 ῥαδίως

119 1437 226 1488 τοὺς
247 1434 539 1486 Μακεδόνας·
567 1434 786 1491 ἀγνοήσας
817 1435 862 1479 δε
892 1453 972 1491 την
1000 1437 1290 1507 γεγενημένην
1319 1452 1507 1492 προςαγ-

121 1496 272 1566 γελίαν
308 1493 384 1536 καὶ
429 1491 509 1548 τὴν
551 1493 753 1547 ε’κπληξιν
795 1496 885 1535 τῶν
923 1492 1176 1547 ἀνθρώπων
1205 1493 1398 1550 ἠρκέσθη
1427 1494 1568 1548 τὴνῖο

125 1551 317 1609 δύναμιν
346 1546 620 1606 αποβιβάσας
639 1549 714 1593 καὶ
732 1547 948 1604 τρόπαιον
978 1548 1137 1607 στήσας
1158 1552 1383 1609 διαλαβεῖν
1411 1549 1511 1607 αλη-

264 1696 322 1733 47.
347 1696 382 1732 3.
419 1694 654 1741 δορικτήτου]
679 1694 917 1740 δωρυκτήτου
942 1698 995 1734 ed.
1014 1699 1116 1733 Rom.

265 1743 322 1779 47.
350 1745 383 1778 6.
418 1742 659 1788 δορικτήτων]
685 1743 920 1799 δορυκτήτων
944 1747 1000 1778 ed.
1023 1747 1123 1778 Rom.

265 1789 321 1825 47.
346 1792 379 1825 6.
414 1789 795 1846 πολυπραγμονήσειν]
820 1793 1128 1844 πολυπραγμονῇς
1152 1791 1206 1827 ed.
1229 1792 1332 1825 Rom.

263 1835 321 1871 47.
347 1838 381 1871 8.
416 1837 700 1893 βουλευσεσθαι]
731 1835 1009 1893 βουλεύσασθαι
1035 1840 1089 1871 ed.
1115 1840 1214 1873 Rom.
1241 1845 1275 1871 et
1299 1850 1378 1871 mox
1405 1833 1515 1872 ἔστιν.

264 1880 400 1917 47.1o.
430 1880 652 1940 υπερβολήν]
680 1881 774 1927 ὑπὲρ
801 1882 919 1928 άρχην
943 1885 998 1918 ed
1022 1886 1139 1926 Rom„
1165 1885 1263 1930 quod
1290 1885 1397 1918 malui
1421 1885 1515 1918 scri-

172 1929 258 1964 bere
283 1936 322 1962 nt
346 1930 471 1975 scripsi
497 1942 600 1973 quam
623 1927 821 1974 ὑπεροχὴν.

266 1972 405 2012 4216.
437 1976 668 2023 δορίκτητον]
695 1975 922 2023 δορύκτητον
946 1976 1003 2010 ed.
1026 1977 1126 2010 Rom.

222 2121 279 2156 47.
303 2120 338 2157 9.
371 2122 514 2167 Regum
538 2123 630 2157 hanc
657 2124 867 2159 discordiam
890 2125 972 2168 post
995 2122 1205 2157 debellatum
1229 2121 1442 2168 Antigonum
1465 2121 1518 2156 in·

131 2168 207 2203 nuit
229 2169 381 2203 Iustinus
406 2171 478 2203 XV.
505 2170 537 2207 4,
574 2171 672 2205 MAI.

224 2225 363 2261 4116.
405 2228 533 2272 Agitur
563 2228 598 2261 in
631 2227 756 2262 mutilo
778 2228 847 2261 hoc
878 2227 1079 2272 fragmento
1103 2227 1147 2260 de
1170 2237 1290 2271 pugna
1312 2224 1520 2270 Agathoclis

132 2272 233 2306 siculi
265 2284 345 2306 cum
370 2273 537 2307 casandri
574 2274 771 2308 macedonis
804 2274 914 2318 copiis
948 2274 993 2306 ad
1025 2273 1235 2316 Corcyram,
1275 2273 1373 2306 cuins
1404 2271 1522 2305 brevis

134 2318 265 2352 mentio
287 2324 338 2352 est
360 2319 396 2352 in
421 2320 627 2365 fragmentis
653 2320 795 2354 Diodori
820 2332 880 2354 nos
866 2319 927 2353 etri
950 2318 1051 2352 editis
1075 2319 1170 2352 ΧΧΙ.
1195 2319 1228 2352 2.
1253 2317 1398 2361 p.,489
1430 2318 1522 2350 unde

134 2365 375 2409 cognoscimus
394 2371 582 2400 crematam
601 2367 669 2401 fui
658 2379 708 2400 se
725 2368 769 2400 ab
779 2367 975 2411 Agathocle
991 2366 1222 2399 Macedonum
1239 2366 1310 2398 clas
1313 2376 1395 2397 §.em
1422 2363 1524 2400 MAI.

228 2420 366 2456 47.1.9
401 2424 676 2467 προςαγγελίαν]
703 2424 855 2466 Quinam
873 2426 947 2457 erat
962 2424 1024 2456 hic
1048 2422 1220 2456 nuncius?
1243 2422 1333 2455 Nam
1350 2420 1410 2454 ille
1430 2425 1523 2454 certe

137 2467 181 2500 de
203 2479 329 2512 regum
353 2468 497 2502 victoria
521 2470 564 2502 ad
583 2471 636 2513 lps
640 2481 698 2502 um
718 2470 893 2503 Casandro
916 2469 1032 2513 potius
1054 2469 1208 2502 favebat.
1240 2468 1414 2510 Equidem
1437 2466 1524 2500 belli

137 2513 242 2547 huius
277 2515 322 2547 ab
347 2514 543 2570 Agathocle
577 2515 612 2548 in
637 2517 794 2559 Corcyra
816 2515 908 2559 gesti
940 2515 1132 2559 perexigua
1155 2514 1325 2548 memoria
1347 2517 1524 2557 superest}

138 2571 353 2603 quamquam
375 2561 523 2594 insulam
548 2572 648 2604 reaps
634 2573 671 2593 e
693 2562 906 2605 Agathocles
931 2561 967 2594 in
1001 2565 1172 2605 potestate
1194 2560 1340 2599 habuit,
1376 2569 1526 2601 eamque

139 2606 229 2639 dotis
253 2606 391 2640 nomine
413 2607 586 2640 Lanassae
609 2606 703 2640 filiae
727 2607 839 2650 dedit,
866 2618 972 2650 quam
995 2607 1134 2652 Pyrrho
1161 2618 1291 2650 magno
1317 2605 1452 2646 epiren-:e
1454 2605 1465 2637 i
1488 2604 1526 2638 in

140 2652 402 2686 matrimonium
419 2653 615 2686 coltocaxit.
657 2654 749 2687 Plut.
775 2655 817 2686 de
839 2665 905 2686 ser.
929 2664 1024 2687 num.
1048 2653 1141 2686 vind.
1167 2656 1251 2686 tom.
1270 2651 1365 2685 VIII.
1392 2663 1425 2694 p.
1442 2649 1526 2692 205,

141 2702 176 2731 ct
199 2702 282 2732 tom.
303 2699 347 2733 ΙΙ.
375 2698 409 2732 in
434 2699 572 2742 Pyrrho
597 2711 673 2743 cap.
695 2700 756 2733 IX.
783 2700 825 2733 X.
851 2699 949 2734 MAI.
985 2700 1046 2734 Est
1069 2700 1215 2732 fortasse
1240 2697 1385 2731 nuncius
1410 2696 1531 2730 classis

141 2743 373 2777 Macedonum
407 2746 549 2777 cambus
552 2749 607 2778 tae
640 2746 683 2778 ad
705 2747 768 2778 Csa
772 2746 888 2778 sandri
913 2745 1030 2788 copias
1055 2749 1233 2778 terrestres
1257 2744 1420 2787 perlatus.
1454 2742 1530 2786 Op-

141 2791 320 2843 pugnabat
352 2790 444 2823 enim
468 2792 659 2836 Corcyram
684 2792 750 2826 Cas
753 2792 876 2824 ··ander
908 2791 996 2826 πλοῖ
1018 2791 1079 2825 καὶ
1105 2791 1213 2834 πεζῇ,
1251 2795 1288 2822 nt
1319 2793 1411 2822 recte
1435 2789 1530 2833 apud.

143 2835 336 2918 Ρίοιέπιιπι
361 2838 450 2917 10ἕὲ
470 2837 575 2872 citato
599 2837 720 2873 scribit
743 2837 907 2872 Reiskius
937 2838 982 2872 ad
1007 2835 1220 2872 Constantini
1244 2835 1442 2872 Cael-imon.
1466 2845 1529 2871 au-

160 2893 200 2916 ae
255 2895 300 2928 yz
335 2894 357 2927 p
