1968 3346
464 178 522 219 86
593 173 893 216 EXCERPTA
921 173 994 216 DE
1023 174 1178 223 VIRT.
1205 175 1283 218 ΕΤ
1313 176 1424 220 VIT.
1455 178 1503 220 L.
1533 177 1732 221 V1.-x.

465 297 560 336 σας.
594 283 696 341 ἤδη
717 286 764 330 δὲ
787 289 882 357 τῆς
914 303 1034 342 ωρας
1072 286 1413 359 συγκλειούσης,
1447 287 1605 342 πάντες
1641 290 1723 346 μὲν
1766 287 1866 334 άπε-

465 344 733 412 γίγνωσκον,
775 342 800 386 ὁ
842 342 888 387 δὲ
928 345 1110 396 Φιντίας
1150 344 1415 397 ἀνελπίστως
1464 346 1534 389 ἐπὶ
1574 364 1653 415 της
1689 346 1866 416 ἐσχάτης
1940 352 1946 357 ‘

465 402 549 442 τοῦ
587 398 754 454 χρόνον
773 399 928 470 ῥοπῆς
968 403 1181 456 δρομαῖος
1217 399 1359 460 ἦλθε,
1392 406 1474 446 τοῦ
1511 402 1733 473 Δάμωνος
1761 403 1866 447 άπα-

387 460 443 502 30
471 455 663 511 γομένου
697 454 810 527 πρὸς
844 456 925 513 τὴν
960 457 1174 528 ἀνάγκην.
1211 463 1477 530 θαυμαστῆς
1513 459 1561 503 δὲ
1601 464 1679 518 τῆς
1719 461 1870 516 φιλίας

469 513 683 583 φανείσης
721 512 907 581 ἅπασιν,
945 513 1160 559 ἀπέλυσεν
1201 514 1226 560 6
1271 515 1509 567 Διονύσιος
1533 520 1620 585 τῆς
1658 518 1870 589 τιμωρίας

465 568 547 612 τὸν
583 568 931 642 ἐγκαλούμενον,
972 572 1047 615 καὶ
1083 571 1354 628 παρεκάλεσε
1391 589 1497 625 τους
1525 571 1691 629 ἄνδρας
1719 575 1869 629 τρίτον

466 624 628 671 ἑαυτὸν
659 628 718 678 εἰς
735 627 827 698 τὴν
854 628 1007 682 φιλίαν
1037 630 1380 702 προςλαβέσθαι.

568 681 668 726 ι’Ότι
704 684 749 727 οἱ
785 683 1094 741 Πυθαγόρειοι
1131 687 1206 730 καὶ
1234 691 1310 742 τῆς
1347 684 1520 755 μνήμης
1556 687 1764 743 μεγίστην
1790 702 1868 741 γυ-

383 738 439 783 35
467 741 660 794 μνασίαν
698 739 956 812 ἐποιοῦντο,
995 742 1204 786 τοιοῦτόν
1241 760 1340 789 τινα
1378 742 1549 814 τρόπον
1585 747 1663 813 τῆς
1691 742 1869 799 μελέτης

466 794 835 867 υποστησάμενοι.
877 796 933 841 οὐ
972 799 1193 869 πρότερον
1241 800 1289 844 ἐκ
1335 803 1413 869 τῆς
1456 798 1593 869 εὐνῆς
1635 798 1868 870 ἠγείροντο

465 853 575 907 πρὶν
613 855 669 896 ἄν
700 853 809 924 πρὸς
848 853 1034 907 ἑαυτούς
1072 854 1524 926 άνθωμολογήσαντο
1546 856 1600 902 τά
1637 856 1749 900 κατά
1788 856 1871 927 τὴν

464 910 688 964 προτέραν
725 909 893 980 ημέραν
939 911 1093 964 αὐτοῖς
1140 914 1420 984 πραχθέντα,
1471 911 1556 983 τήν
1602 910 1743 983 ἀρχὴν
1779 912 1868 957 άπὸ

463 970 540 1022 τῆς
579 967 770 1020 πρωίας,
809 984 890 1024 την
930 969 977 1013 δὲ
1013 970 1219 1043 τελευτην
1256 970 1338 1021 ἕως
1378 969 1564 1024 ἑσπέρας
1592 969 1870 1025 ποιούμενοι.
1946 1007 1947 1010 ,

382 1025 438 1068 40
467 1024 505 1066 εί
535 1022 580 1066 δ’
594 1022 899 1095 ἀναστροφὴν
924 1027 1063 1083 ἔχοιεν
1092 1028 1167 1072 καὶ
1196 1029 1380 1071 πλείονα
1413 1027 1576 1096 σχολήν
1605 1026 1767 1082 α’γοιεν,
1794 1027 1871 1069 καὶ
1930 1058 1945 1070 -,

462 1078 517 1123 τὰ
532 1080 657 1149 τρίτῃ
680 1080 756 1124 καὶ
771 1081 953 1154 τετάρτῃ
981 1085 1055 1128 καὶ
1084 1090 1180 1136 ταῖς
1210 1085 1272 1128 ε’τι
1301 1082 1522 1155 πρότερον
1550 1081 1733 1154 ημέραις
1761 1099 1872 1138 πρα-

461 1136 632 1206 χθέντα
668 1126 1110 1210 προςανελάμβανον.
1156 1144 1291 1185 τοῦτο
1341 1139 1455 1195 πρός
1504 1140 1745 1196 ἐπιστήμην
1794 1140 1872 1184 καὶ

462 1191 684 1263 φρόνησιν
711 1195 773 1238 ἐτι
799 1197 845 1240 δὲ
872 1213 963 1242 των
989 1197 1172 1243 πάντων
1201 1198 1433 1255 ἐμπειρίαν
1461 1212 1508 1244 τε
1535 1199 1620 1242 τοῦ
1650 1198 1872 1241 δύνασθαι
1944 1214 1949 1229 s

460 1250 601 1294 πολλοὶ
629 1252 934 1308 μνημονεύειν.

378 1309 436 1353 45
566 1307 666 1353 ΓΌτι
701 1309 936 1355 ἐποιοῦντο
969 1311 1045 1355 καὶ
1081 1313 1158 1367 τῆς
1186 1310 1439 1380 ἐγκρατείας
1464 1310 1715 1380 γυμνασίαν
1743 1309 1871 1354 τόνδε

462 1361 543 1408 τὸν
570 1364 748 1435 τρόπον.
777 1368 1217 1438 παρασκευασάμενοι
1248 1367 1396 1411 πάντα
1431 1366 1485 1411 τά
1523 1383 1635 1411 κατα
1659 1383 1738 1417 τας
1761 1371 1869 1437 λαμ-

462 1420 682 1475 προτάτας
718 1422 929 1477 ἑστιάσεις
964 1425 1295 1494 παρατιθέμενα
1332 1423 1478 1468 πολυν
1519 1422 1674 1474 αὐτοῖς
1703 1422 1871 1479 ἐνέβλε-

465 1494 552 1522 πον
585 1479 772 1535 χρόνον·
809 1498 901 1525 ειτα
939 1481 1012 1525 διὰ
1051 1486 1129 1536 τῆς
1167 1481 1276 1533 θέας
1303 1498 1381 1531 τας
1409 1485 1485 1536 τῆς
1515 1480 1692 1536 φύσεως
1719 1480 1870 1524 ἐπιθυ-

380 1537 434 1579 50
465 1536 566 1588 μίας
603 1536 717 1591 πρὸς
753 1536 836 1594 τὴν
875 1537 1124 1583 ἀπόλαυσιν
1167 1536 1506 1593 ἐκκαλεσάμενοι
1541 1554 1620 1587 τας
1657 1536 1870 1591 τραπέζας

461 1590 665 1637 ἐκέλευον
705 1595 847 1648 αἴρειν
883 1612 990 1646 τους
1029 1597 1213 1646 παιδας,
1253 1595 1328 1638 καὶ
1363 1597 1631 1650 παραχρῆμα
1663 1592 1871 1650 ἄγευστοι

460 1652 551 1692 τῶν
578 1652 921 1704 παρατεθέντων
951 1653 1224 1720 ἐχωρίζοντο.

559 1706 660 1750 Ότι
699 1708 976 1777 Πυθαγόρας
1011 1707 1280 1777 παρήγγελλε
1318 1711 1413 1758 τοῖς
1451 1705 1756 1776 μανθάνουσι
1765 1717 1870 1750 σπα-

459 1762 566 1813 νίως
605 1763 687 1819 μὲν
728 1763 943 1822 ὀμνύναι,
979 1766 1284 1822 χρησαμένους
1315 1764 1362 1808 δὲ
1390 1769 1484 1816 τοῖς
1514 1762 1666 1819 ὅρκοις
1695 1760 1872 1815 πάντως
1934 1760 1937 1761 ’

380 1878 433 1922 55
461 1817 730 1920 ἐμμὲνῧῖι“
706 1877 730 1921 6
761 1875 899 1928 αὐτὸς
927 1877 1200 1948 Πυθαγόρας
1227 1877 1302 1922 καὶ
1336 1876 1439 1932 περὶ
1473 1892 1563 1920 των
1592 1875 1871 1948 άφροδισίων

462 1931 791 2002 ἐκλογιζόμενος
836 1934 888 1978 τὸ
936 1934 1168 1991 συμφέρον
1223 1934 1496 2003 παρήγγελλε
1537 1934 1647 1977 κατά
1695 1934 1776 1990 μὲν
1819 1934 1869 1978 τό
1942 1934 1945 1979 J

460 1989 596 2042 θέρος
642 1991 703 2048 μὴ
755 1989 1006 2046 πλησιάζειν
1049 1992 1260 2058 γυναιξί,
1296 1991 1407 2034 κατὰ
1455 1989 1503 2034 δε
1551 1989 1650 2034 τόν
1679 2006 1871 2048 χειμωνα
1938 2028 1942 2042 ,Α

461 2047 688 2115 προςιέναι
735 2047 1093 2118 τεταμιευμένως.
1142 2046 1345 2091 καθόλου
1390 2045 1477 2102 γάρ
1521 2046 1571 2090 τὸ
1608 2047 1738 2102 γένος
1781 2064 1872 2091 των

465 2100 747 2157 ἀφροδισίων
775 2102 1084 2176 ’ὑπελάμβανεν
1123 2103 1236 2148 εἶναι
1265 2105 1508 2176 βλαβερόν,
1537 2103 1628 2159 τὴν
1658 2105 1705 2148 δὲ
1735 2104 1872 2148 6666-

381 2169 437 2211 60
465 2175 613 2269 χειανζ
627 2159 775 2206 αὐτῶν
808 2162 964 2215 τελέως
1007 2161 1242 2214 ἀσθενείας
1285 2161 1361 2207 καὶ
1400 2159 1592 2217 ὀλέθρου
1637 2161 1873 2219 ποιητικὴν

464 2232 590 2289 ενομι
614 2233 646 2260 8.

568 2273 668 2318 Ότι
707 2273 732 2318 6
788 2273 923 2327 αύτὸς
957 2274 1245 2345 Πυθαγόρας
1287 2273 1559 2331 παρήγγελλε
1608 2273 1720 2344 πρὸς
1766 2273 1872 2326 τοὺς

466 2330 604 2382 θεοὺς
633 2332 860 2403 προςιέναι
888 2331 995 2383 τούς
1021 2332 1215 2383 θύοντας
1245 2332 1303 2388 μὴ
1342 2334 1594 2382 πολυτελεῖς
1629 2329 1738 2374 άλλα
1756 2335 1871 2401 λαμ-

379 2396 438 2441 65
465 2387 582 2442 πράς
622 2389 697 2432 καὶ
736 2388 939 2443 καθαράς
968 2390 1146 2459 ἔχοντας
1187 2389 1399 2459 ἐσθῆτας,
1437 2387 1602 2457 ὁμοίως
1631 2387 1679 2430 δὲ
1705 2387 1765 2444 μή
1795 2386 1872 2457 μό-

467 2462 552 2488 νον
579 2444 629 2489 τὸ
650 2449 786 2516 σωμα
813 2445 1020 2502 καθαρόν
1048 2445 1375 2516 παρεχομένους
1400 2445 1543 2502 πάσης
1572 2443 1731 2489 ἀδίκου
1759 2442 1871 2500 πρά-

468 2503 598 2575 {⁸⁶⁰9ss
632 2501 743 2546 άλλα
772 2503 847 2546 καὶ
872 2503 954 2572 τὴν
981 2503 1124 2558 ψυχὴν
1158 2502 1450 2558 ἁγνεύουσαν.

572 2559 672 2603 Ὀτι
711 2558 736 2603 6
777 2557 907 2611 αὐτὸς
958 2559 1099 2604 πολλα
1145 2560 1221 2603 καὶ
1268 2559 1378 2603 ἄλλα
1416 2557 1723 2630 διαλεγόμενος
1760 2557 1871 2612 πρὸς

472 2617 577 2671 βίου
611 2615 849 2674 σώφρονος
889 2620 1022 2673 ζῆλον
1049 2617 1123 2662 καὶ
1153 2616 1265 2674 πρὸς
1301 2615 1507 2672 ἀνδρείαν
1543 2632 1590 2660 τε
1617 2615 1692 2660 καὶ
1720 2631 1870 2670 καρτε-

473 2750 532 2793 bk.
562 2753 836 2800 Πυθαγόρειοι]
869 2751 1106 2797 Πυθαγόριοι
1129 2754 1158 2785 V
1300 2753 1358 2789 41.
1381 2753 1444 2791 καὶ
1470 2751 1532 2798 τοὶ]
1556 2752 1619 2790 καὶ
1643 2752 1690 2789 V:
1715 2755 1870 2789 extrema

489 2800 580 2835 mtil
583 2811 604 2836 a
626 2807 706 2837 sunt
856 2800 913 2837 61
940 2799 1100 2846 εσθῆτας
1126 2801 1152 2835 V
1217 2844 1223 2850 Ι
