1968 3346
70 465 116 499 27

345 221 644 264 EXCERPTA
675 220 959 262 VATICANA
990 221 1038 260 L.
1059 219 1281 261 VIL-x,
1453 225 1510 265 29

124 334 354 405 μετενόησε
392 333 465 376 καὶ
495 330 600 382 τούς
630 330 894 384 στρατιώτας
924 330 1123 384 ἆνείρξας
1160 336 1237 388 τῆς
1267 334 1510 402 διαρπαγῆς

63 418 71 422 κ
126 395 188 443 εἰς
215 392 266 435 τὸ
297 388 525 447 βασιλικόν
556 386 738 444 ἀνέλαβε
767 388 846 439 τὰς
873 393 962 431 τῶν
992 392 1259 441 Σαρδιανῶν
1289 387 1472 446 κτήσεις.

238 461 391 501 XXXI.
423 457 527 499 ’Ότι
544 457 768 511 ’Ἅρπαγος
805 457 1093 505 κατασταθεὶς
1120 456 1209 499 ὑπὸ
1241 456 1399 525 Κύρου
1429 460 1511 500 τοῦ

127 516 305 585 Πέρσου
336 515 404 556 ἐπὶ
440 518 517 569 τῆς
545 512 769 567 θαλασσης
799 514 1036 567 στρατηγὸς
1072 513 1145 554 καὶ
1174 517 1262 555 τῶν
1292 530 1402 556 κατα
1431 514 1510 568 τὴν

121 572 270 617 Ἀσίαν
294 540 512 626 Ἑλλήιων
547 569 660 622 πρός
693 572 847 621 Κῦρον
883 570 1320 623 διαπρεσβευομένων
1359 570 1512 612 συνθέ·
1539 566 1565 607 5

128 636 234 673 σθαι
263 628 416 683 φιλίαν
446 628 581 668 εἰπεῖν
610 624 720 678 πρός
751 624 914 675 αὐτούς
938 624 1005 668 ὅτι
1026 625 1338 694 παραπλήσιόν
1355 642 1395 669 τι
1417 643 1511 669 ποι-

127 690 230 729 οῦσι
267 687 356 726 τῶν
394 681 610 737 πρότερον
653 682 792 739 ἑαυτῷ
841 680 1118 749 συμβάντων.
1169 684 1243 725 καὶ
1282 699 1366 749 γαρ
1405 700 1510 726 ποτε

125 746 261 798 γῆμαι
281 738 555 795 βουλόμενον
585 740 800 782 αἰτεῖσθαι
819 739 938 808 παρα
969 742 1049 780 τοῦ
1069 737 1231 792 πατρὸς
1252 738 1331 793 τὴν
1350 739 1507 794 κόρην·

127 801 205 842 τὸν
242 796 288 840 δὲ
325 796 373 839 τὸ
414 796 492 852 μὲν
523 799 698 849 πρῶτον
738 792 819 837 οὐκ
857 793 980 846 ἄξιον
1018 797 1227 848 κρίναντα
1257 799 1338 838 τοῦ
1366 798 1510 851 γόμου

129 851 413 910 δυνατωτέρῳ
443 855 754 919 κατεγγυῆσαι,
795 867 899 905 μετα
930 850 976 894 δὲ
1005 849 1138 893 ταῦθ’
1171 851 1342 904 ὁρῶντα
1375 837 1567 896 αὖτόνΙΟ

127 911 217 955 υπὸ
263 913 343 952 τοῦ
385 909 596 962 βασιλέως
641 924 886 976 τιμωιιενον
930 907 1104 950 διδόναι
1141 908 1222 978 τὴν
1258 911 1507 981 θυγατέρα·

130 966 268 1011 αὐτὸν
299 966 345 1009 δε
377 965 667 1020 ἀποκριθῆναι
697 963 808 1007 διότι
836 970 1023 1018 γυναῖκα
1055 965 1134 1018 μὲν
1166 963 1310 1007 ουκέτι
1338 965 1391 1007 ἀν
1422 967 1510 1021 ἐχοι

131 1023 292 1093 αὐτην,
333 1023 579 1065 παλλακίδα
611 1021 656 1063 δὲ
699 1024 976 1091 συγχωρῆστι
1015 1024 1178 1075 λαβεῖν
1227 1022 1298 1064 δια
1339 1022 1384 1064 δὲ
1421 1039 1510 1065 των

124 1079 340 1124 τοιούτων
369 1079 512 1134 λόγων
541 1076 700 1132 ἐδήλου
729 1082 820 1127 τοῖς
836 1077 1041 1132 ”Ελλησιν
1079 1077 1146 1121 ὅτι
1175 1077 1331 1132 Κύρου
1361 1079 1509 1133 πρότε-

125 1153 208 1192 ρον
242 1133 471 1187 ἀξιοῦντος
506 1151 552 1190 γε
536 1135 710 1177 ενέσθαι
741 1137 928 1184 Περσῶν
964 1136 1123 1188 φίλους
1161 1134 1242 1177 οὐκ
1273 1136 1565 1191 ἐβουλήθη-ο
1513 1134 1565 1176 15

125 1205 234 1245 σαν,
264 1195 350 1235 νῦν
383 1191 429 1235 δὲ
461 1191 506 1234 ἐκ
536 1194 774 1259 μεταβολης
803 1190 981 1233 ἐκείνων
1012 1190 1293 1235 σπευδόντων
1314 1194 1509 1243 συνάψαι,

125 1251 281 1306 φιλίαν
311 1246 370 1317 ὦς
400 1248 478 1303 μὲν
507 1247 619 1301 πρὸς
659 1245 911 1315 συμμάχους
950 1245 1004 1289 οὐ
1041 1247 1266 1303 ποιησεται
1300 1249 1378 1299 τὰς
1407 1247 1509 1303 ὁμο-

124 1308 302 1375 λογίας,
332 1304 390 1354 ὡς
421 1304 467 1347 δὲ
497 1303 688 1354 δούλους
716 1306 774 1353 εἰς
803 1302 884 1359 τὴν
911 1307 1001 1346 τῶν
1024 1307 1208 1360 Περσῶν
1236 1306 1382 1349 πίστιν
1411 1305 1509 1349 ἑαυ-

124 1362 230 1414 τούς
258 1359 582 1417 παραδιδόντας
614 1360 903 1414 προςδὲξεται.

239 1418 337 1461 ’Ὀτι
375 1418 719 1472 Λακεδαιμόνιοι
768 1414 1097 1471 πυνθανόμενοι
1143 1433 1246 1479 τους
1283 1435 1394 1462 κατα
1429 1421 1565 1475 τὴν20

120 1473 273 1520 Ἀσίαν
298 1475 513 1543 ’Έλληνας
551 1473 829 1517 κινδυνεύειν
863 1473 1059 1526 ε’πεμψαν
1098 1489 1209 1529 προς
1244 1477 1402 1528 Κῦρον
1441 1477 1509 1520 ὅτι

124 1530 468 1585 Λακεδαιμόνιοι
496 1536 718 1599 συγγενεῖς
748 1528 869 1581 ὄντες
898 1547 987 1572 των
1016 1547 1126 1574 κατα
1154 1531 1235 1587 τὴν
1251 1530 1402 1574 Ἀσίαν
1420 1531 1509 1577 Ἑλ-

123 1590 274 1645 λήνων
313 1585 667 1657 απαγορεύουσιν
699 1585 818 1645 αὐτῷ
847 1589 1235 1631 καταδουλοῦσθαι
1265 1588 1342 1639 τοὶς
1367 1588 1509 1645 Ελλη-

124 1648 252 1696 νίδας
281 1643 443 1695 πόλεις.
473 1642 507 1713 ,ὁ
541 1643 586 1686 δε
615 1632 851 1698 θαυμάσας
879 1642 957 1686 τὸν
986 1643 1119 1698 λόγον
1150 1644 1232 1699 ε’φη
1261 1644 1510 1699 γνώσεσθαι

124 1702 207 1759 τὴν
233 1699 398 1770 ἀρετήν
426 1697 575 1743 αὐτῶν
604 1699 711 1743 ὅταν
741 1700 818 1743 ε’να
847 1704 935 1743 τῶν
963 1699 1123 1744 ἑαυτοῦ
1154 1700 1329 1745 δούλων
1361 1702 1567 1759 πέμψῃ25

123 1757 530 1813 καταστρεψάμενον
559 1755 638 1812 τήν
662 1755 856 1800 Ελλάδα.

238 1827 409 1895 XXXII.
437 1823 540 1867 Ὀτι
563 1823 907 1878 Λακεδαιμόνιοι
935 1823 1015 1881 τὴν
1029 1822 1265 1880 Ἀρκαδίαν
1282 1827 1511 1883 μέλλοντες

124 1880 440 1936 καταστρέφειν
470 1881 629 1952 ε’λαβον
657 1880 876 1936 χρησμόν,

206 1937 437 2008 Ἀρκαδίαν
467 1936 515 1989 μ’
550 1939 704 1988 αἰτεῖςς
739 1937 848 1992 μέγα
877 1936 925 1993 μ’
959 1938 1109 1988 αἰτεῖς·
1143 1938 1198 1981 οὔ
1224 1955 1292 1981 τοι
1322 1937 1465 1983 δώσω.

208 1995 362 2039 πολλοὶ
394 1993 442 2036 ἐν
466 1992 672 2062 Ἀρκαδίᾳ
702 1994 1007 2064 βαλανηφάγοι
1038 1993 1194 2048 ἄνδρες
1224 1996 1338 2047 εἀσι,
1510 2004 1581 2044 30,

212 2053 261 2095 οί
287 2049 331 2095 σ’
363 2048 749 2094 αποκωλύσουσιν·
785 2050 867 2105 ἐγω
900 2052 946 2094 δέ
976 2068 1044 2094 τοι
1074 2051 1169 2095 οὔτι
1200 2055 1404 2109 μεγαίρω.

212 2106 339 2152 δώσω
371 2119 441 2150 σοι
477 2107 638 2162 Τεγέαν
667 2109 959 2161 ποσσίκροτον
991 2107 1261 2163 ὀρχησασθαι

208 2166 284 2209 καὶ
313 2163 453 2208 καλόν
483 2165 636 2207 πεδίον
666 2165 823 2221 σχοίνῳ
855 2166 1244 2221 διαμετρήσασθαι.

261 2280 318 2314 ¹29.
344 2280 376 2314 6.
409 2275 576 2321 ποιοῦσι]
601 2276 776 2312 ποιοῦσιν
796 2279 850 2312 ed.
869 2280 969 2312 Rom.

260 2327 317 2360 29.
345 2326 399 2359 12.
425 2322 471 2359 ἂν
496 2322 585 2368 ἔχοι]
612 2321 759 2367 ἀνέσχοι
780 2326 832 2358 ed.
856 2328 959 2359 Rom.

261 2373 318 2405 29.
342 2372 400 2405 25.
432 2369 571 2415 πέμψῃ]
599 2368 744 2413 πέμψαι
767 2372 820 2403 ed.
842 2373 944 2404 Rom.

263 2418 320 2451 29.
346 2417 404 2451 29.
437 2416 544 2460 μέγα]
573 2418 700 2461 incipit
721 2418 852 2451 codicis
874 2431 909 2462 p.
927 2417 1010 2453 5250.

215 2516 274 2551 29.
297 2515 330 2550 2.
375 2516 517 2561 Legesis
541 2517 806 2560 Xenophontem
831 2518 960 2562 Cyl-op.
977 2519 1052 2553 vn.
1076 2518 1118 2561 2,
1153 2519 1213 2562 qui
1237 2530 1374 2553 summa
1407 2519 1442 2553 in
1472 2532 1511 2554 re

123 2575 204 2598 cum
227 2564 384 2597 Diodoro
407 2569 523 2596 nostro
547 2563 742 2606 conspirat3
768 2575 978 2607 quamquam
1003 2565 1063 2598 ine
1086 2567 1320 2599 narrationem
1337 2567 1440 2600 aliter
1458 2566 1509 2600 di-

123 2612 235 2656 gerit,
259 2621 369 2652 neque
395 2613 467 2642 tam
490 2609 625 2651 sapiens
650 2609 780 2642 dictum
806 2611 933 2644 Croeso
960 2611 1092 2644 tribuit.
1124 2612 1224 2646 MAl.

215 2656 271 2689 29.
298 2656 331 2689 ὃ.
367 2655 555 2698 Harpagus
579 2653 636 2686 hic
655 2655 786 2689 Cvrnm
812 2658 994 2698 parvulum
1017 2659 1183 2702 Astyagis
1207 2659 1403 2692 crudelitati
1430 2661 1512 2692 sub-

122 2706 248 2737 traxex·
250 2706 288 2743 1t
316 2704 350 2734 et
373 2707 549 2734 strenuam
573 2700 660 2733 belli
683 2711 826 2744 operam
851 2702 964 2736 eidem
982 2704 1074 2747 Cyro
1099 2704 1316 2740 exhibuerat.
1342 2707 1510 2743 Herodot.

124 2749 153 2784 Ι
181 2748 260 2814 11⁰1
240 2746 511 2827 {LB’IIAIConfer
533 2792 750 2825 Herodotum
771 2791 798 2827 Ῑ.
823 2790 903 2829 152.
937 2794 1037 2831 MAI.

213 2840 270 2874 29.
297 2839 353 2874 33.
385 2838 555 2874 llerodot.
574 2838 600 2872 Ι.
626 2834 683 2872 66.
717 2838 818 2874 MAI.
