1968 3346
424 187 511 229 208
716 181 1136 225 FRAGMENTA
1165 182 1212 224 L.
1243 182 1356 225 XXI
1368 183 1522 226 -XL.

423 312 505 354 μεν
526 293 707 350 πρωτου
731 292 1012 353 Ἀμφίπολις,
1041 297 1124 338 τοῦ
1151 293 1360 348 δευτέρου
1384 296 1720 369 Θεσσαλονίκη,
1733 301 1817 343 τοῦ

423 355 576 408 τρίτου
609 353 780 405 Πέλλα,
811 354 886 397 καὶ
914 355 995 396 τοῦ
1024 351 1237 405 τετάρτου
1275 356 1531 408 Πελαγονία.
1563 353 1610 396 ἐν
1638 354 1819 408 ταύταις

336 418 394 458 20
424 409 607 466 ἀρχηγοὶ
633 409 837 463 τέσσαρες
866 407 1200 463 κατεστάθησαν
1219 409 1293 452 καὶ
1317 411 1361 458 οἱ
1383 409 1517 464 φόροι
1537 409 1816 480 ἠθροίζοντο.

423 467 471 510 ἐν
501 468 546 510 δὲ
575 471 669 516 τοῖς
698 465 893 522 ἐσχάτοις
921 469 996 521 τῆς
1026 467 1308 516 Μακεδονίας
1338 465 1489 517 τόποις
1519 466 1592 510 διὰ
1622 468 1697 518 τὰς
1726 476 1817 513 τῶν

421 523 753 578 παρακειμένων
794 523 941 567 ἐθνῶν
971 522 1206 591 ἐπιβουλὰς
1234 522 1503 578 κατέστησαν
1535 524 1817 578 στρατιώτας.

422 581 492 624 ἐπὶ
521 579 698 631 τούτοις
722 579 745 624 6
764 582 964 636 Αἰμίλιος
987 577 1162 649 ἀγῶνας
1191 580 1265 622 καὶ
1286 581 1448 631 ποτοὺς
1475 585 1818 636 μεγαλοπρεπεῖς

335 640 391 683 25
420 640 483 696 τῷ
512 635 672 692 πλήθει
703 620 918 689 συντάξας
947 636 1001 678 τὰ
1030 634 1267 691 εὑρεθέντα
1297 635 1496 705 χρήματα
1521 639 1581 688 εἰς
1611 637 1691 694 τὴν
1717 638 1818 681 Ρώ-

420 710 509 750 μην
539 693 807 741 ἀπέστειλεν·
847 694 1112 763 καταλαβων
1143 692 1188 735 δε
1218 695 1291 736 καὶ
1322 692 1457 744 αὐτὸς
1486 696 1714 764 θρίαμβον
1743 712 1819 739 κα-

419 755 629 806 ταγαγεῖν
658 750 747 805 ἅμα
777 755 868 805 τοῖς
899 749 981 793 σὺν
1012 748 1142 803 αὐτῷ
1165 755 1426 821 στρατηγοῖς
1450 750 1668 795 κελεύεται
1696 751 1817 806 παρά

417 812 496 878 τῆς
526 807 790 863 συγκλήτου.
822 807 896 850 καὶ
924 810 1110 875 πρῶτος
1134 822 1213 861 μεν
1239 805 1429 857 Ἀνίκιος
1460 809 1533 850 καὶ
1561 807 1819 860 Ὀκταούιος

419 862 444 907 6
477 868 552 920 τῆς
581 868 791 928 ναυτικῆς
822 862 1049 917 δυνάμεως
1061 860 1360 932 ηγησάμενος
1399 862 1485 906 ἀνα
1517 865 1622 920 μίαν
1651 865 1819 921 ημέραν

421 920 623 977 εκάτερος
661 920 1001 989 ἐθριάμβευσεν,
1051 918 1074 962 6
1118 920 1163 962 δὲ
1212 919 1469 974 σοφώτατος
1509 923 1710 976 Αἰμίλιος
1749 922 1818 966 ἐπὶ

333 981 390 1022 30
420 983 543 1032 τρεῖς
577 978 651 1021 καὶ
681 995 734 1034 τ33
768 993 848 1033 μεν
877 975 1029 1044 πρώτῃ
1061 975 1220 1031 ἅμαξαι
1250 979 1383 1045 χίλιαι
1414 978 1636 1022 διακόσιαι
1659 983 1818 1049 προῆλ-

420 1040 512 1079 θον
543 1036 763 1104 φέρουσαι
798 1033 957 1103 λευκὰς
995 1033 1070 1076 καὶ
1108 1035 1294 1103 τραχίας
1325 1032 1530 1085 ἀσπίδας,
1573 1035 1647 1078 καὶ
1688 1035 1818 1079 α’λλαι

420 1094 556 1148 χιλιαι
596 1089 819 1135 διακόσιαι
856 1089 1015 1145 ἅμαξαι
1053 1089 1230 1145 πλήρεις
1269 1089 1468 1134 ἀσπίδων
1506 1096 1702 1175 χαλκων,
1743 1093 1818 1136 καὶ

419 1149 565 1202 ε’τεραι
593 1147 842 1203 τριακόσιαι
873 1146 1031 1202 λόγχας
1052 1147 1126 1190 καὶ
1146 1149 1356 1202 σαρίσσας
1377 1148 1447 1190 καὶ
1475 1148 1578 1200 τόξα
1597 1149 1685 1192 καὶ
1692 1147 1819 1193 ἀκόν-

333 1206 390 1250 35
419 1223 490 1249 τια
518 1206 753 1263 γέμουσαι·
788 1208 1070 1274 προηγοῦντο
1103 1204 1149 1247 δὲ
1178 1203 1326 1247 αυτών
1356 1203 1414 1254 ὥς
1446 1222 1491 1247 εν
1513 1206 1688 1264 πολέμῳ
1720 1211 1819 1250 σαλ-
1885 1215 1889 1220 ’
1927 1203 1929 1218 ⁴

417 1265 607 1318 πιγκταί.
637 1264 751 1332 ησαν
782 1261 827 1304 δὲ
856 1261 929 1304 καὶ
960 1260 1089 1303 άλλαι
1109 1262 1268 1304 πολλαὶ
1287 1263 1466 1304 ποικιλα
1486 1264 1578 1318 ει-’δη
1599 1251 1818 1318 φέρουσαι

419 1319 583 1370 ὅπλων,
608 1319 800 1373 κάμακες
821 1315 1072 1361 ὀκτακόσιαι
1094 1318 1466 1373 καθωπλισμέναι.
1498 1323 1550 1388 τῇ
1570 1319 1614 1362 δε
1636 1321 1817 1387 δευτέρᾳ

417 1378 722 1432 προεκομίσθη
740 1374 1022 1430 νομισμάτων
1039 1372 1229 1418 τάλαντα
1248 1378 1376 1429 χίλια
1400 1375 1603 1429 ἀργύρου
1624 1375 1817 1420 τάλαντα

419 1435 603 1488 διςχίλια
634 1432 861 1483 διακόσια,
908 1430 1176 1515 εκπωμάτων
1207 1437 1398 1500 πληθος,
1441 1432 1703 1502 ἀγαλμάτων
1741 1433 1819 1477 καὶ

331 1489 389 1534 40
420 1490 699 1543 ἀνδριάντων
742 1490 955 1531 ποικίλων
996 1488 1156 1543 άμαξαι
1193 1487 1499 1539 πεντακόσιαι,
1551 1487 1729 1540 ἀσπίδες
1771 1506 1818 1534 τε

415 1551 578 1603 χρυσαῖ
610 1547 685 1589 καὶ
723 1547 904 1596 πίνακες
937 1543 1253 1615 ἀναθεματικοὶ
1293 1544 1558 1600 πάμπολλοι.
1608 1564 1660 1604 τῃ
1692 1548 1817 1604 τρίτῃ

416 1607 701 1673 προηγοῦντο
739 1603 889 1645 λευκαι
930 1601 1031 1670 βόες
1062 1599 1290 1655 ευπρεπεῖς
1321 1601 1476 1645 ἑκατόν
1507 1605 1670 1654 είκοσι,
1709 1620 1819 1658 χρυ-

419 1664 502 1704 σοῦ
534 1659 658 1702 τάλα
663 1676 725 1702 τα
755 1660 803 1703 ἐν
821 1657 1063 1728 φορηιιασι
1093 1661 1334 1708 διακοσίοις
1358 1661 1520 1711 εἴκοσι,
1553 1659 1689 1716 φιάλη
1712 1660 1818 1704 δέκα

332 1716 388 1761 45
417 1715 633 1760 ταλάντ(
667 1720 838 1772 χρυσοῦ
869 1715 1095 1767 διάλιθος,
1125 1714 1431 1786 χρυσωμάτων
1453 1722 1660 1759 παντοῖαι
1687 1733 1819 1760 κατα-

417 1774 571 1817 σκευαι
649 1774 819 1817 λάντων
849 1773 977 1824 δέκα,
1009 1773 1261 1829 ἐλεφάντων
1292 1771 1469 1824 ὀδόντες
1499 1775 1607 1828 διςχί
1609 1778 1696 1816 λιοι
1725 1790 1816 1826 τρι-

416 1829 502 1887 πήγ
579 1865 588 1881 ,
631 1831 748 1886 άρμα
776 1828 1063 1884 ἐλεφάντινον
1094 1831 1141 1874 ἐκ
1170 1833 1339 1885 χρυσοῦ
1369 1830 1442 1872 καὶ
1473 1831 1638 1883 λίθων,
1680 1832 1816 1883 ι’ππος

417 1893 638 1943 φαλαροις
679 1888 897 1938 διαλίθοις
935 1887 1010 1930 καὶ
1039 1904 1091 1943 τῃ
1130 1890 1264 1944 λοιπῇ
1298 1890 1548 1944 κατασκευῃ
1590 1885 1814 1946 διαχρύσῳ

417 1948 666 1998 πολεμικῶς
694 1943 1036 2000 κεκοσμημένος,
1076 1945 1201 1999 κλίνη
1230 1948 1369 2000 χρυσῆ
1400 1949 1647 1999 στρωμναῖς
1675 1948 1816 1987 πολυ-

331 1999 389 2044 50
420 2001 576 2045 ανθέσι
614 2003 964 2073 κατεστρωμένη,
983 2006 1192 2061 φορεῖον
1220 2005 1416 2056 χρυσοῦν
1446 1999 1815 2070 περιπεπετασμέ-

417 2074 502 2102 νον
538 2057 803 2128 πορφύραν,
844 2057 916 2111 ἐφ’
957 2061 1022 2109 οἱς
1055 2057 1253 2112 Περσεὺς
1291 2058 1315 2101 6
1355 2057 1568 2113 δυςτυχὴς
1607 2058 1816 2114 βασιλευς

417 2115 698 2159 Μακεδόνων
739 2114 831 2169 ἅμα
861 2115 990 2158 δυσὶν
1018 2117 1135 2165 υἱοῖς
1170 2115 1245 2158 καὶ
1281 2115 1470 2170 θυγατρὶ
1511 2118 1589 2173 μιᾷ
1616 2131 1691 2158 και
1720 2119 1815 2167 τοῖς

416 2170 614 2243 ἡγεμόσι
630 2172 873 2222 διακοσίοις
899 2170 1183 2227 πεντήκοντα.
1214 2171 1425 2226 στέφανοι
1449 2170 1723 2223 τετρακόσιοι
1743 2173 1814 2216 δο-

332 2225 389 2270 55
417 2228 570 2279 θέντες
599 2227 646 2272 ἐκ
675 2232 764 2271 τῶν
794 2226 966 2272 πόλεων
993 2245 1068 2272 και
1096 2244 1187 2271 των
1217 2228 1452 2284 βασιλέων,
1487 2228 1557 2270 καὶ
1587 2228 1658 2273 ἐπὶ
1676 2232 1883 2282 πᾶσιν645

416 2286 622 2342 Αἰμίλιος
651 2283 725 2341 ἐφ’
758 2284 954 2341 άρματος
983 2285 1271 2343 ἐλεφαντίνου
1300 2283 1622 2342 καταπλήκτου.

529 2354 760 2413 Syncellus
788 2369 837 2412 p.
864 2359 962 2400 267.
993 2369 1027 2398 s.

1065 2476 1160 2520 LII.

533 2569 608 2624 Τῷ
635 2582 747 2612 κατα
775 2582 857 2624 την
887 2564 1165 2638 Καρχηδόνα
1184 2567 1346 2637 λιμένι,
1385 2566 1809 2638 προςαγορευομένῳ
1840 2553 1842 2555 ‚

415 2622 463 2667 δὲ
493 2613 710 2669 Km‘bcom·
740 2626 839 2679 περὶ
870 2626 924 2667 οὐ
953 2624 1031 2674 τὰς
1060 2622 1170 2667 κατὰ
1198 2625 1330 2679 μέρος
1361 2621 1611 2680 εὐχρηστίας
1641 2623 1689 2668 ἐν
1717 2629 1810 2677 τοῖς

415 2682 596 2733 οἰκείοις
626 2680 805 2738 χρόνοις
833 2679 1137 2737 πειρασόμεθα
1166 2681 1368 2725 διελθεῖν

413 2804 472 2841 31.
494 2806 669 2853 τραχίας]
694 2806 863 2853 τραχείας
886 2806 977 2841 alter
999 2806 1095 2841 MS.:
1123 2807 1288 2853 Θρᾳκίας
1311 2804 1506 2841 Salmasius
1529 2809 1564 2839 et
1587 2805 1747 2851 Scaliger
