1968 3346
444 158 499 198 10
638 147 940 192 EXCERPTA
976 148 1411 195 HOESCHELIANA
1441 152 1486 195 L.
1518 152 1629 195 XXI.

446 264 508 314 εἷς
553 259 804 328 ναυπηγίαν
851 257 1115 316 ἐνέπρησαν,
1161 259 1235 305 καὶ
1279 261 1498 331 διέμειναν
1537 261 1833 333 φυλάττοντες

364 349 419 388 10
447 321 526 364 τὸν
555 315 785 373 πορθμόν,
810 321 1168 386 παρατηροῦντες
1195 317 1274 374 τὴν
1303 317 1509 388 διάβασιν
1541 318 1741 376 Πύῤῥου

548 374 648 417 Ὀτι
691 374 915 424 Θυνίωνος
948 378 1032 442 τῆς
1068 373 1230 429 Νήσου
1272 375 1577 429 κυριεύοντος,
1613 377 1688 420 καὶ
1728 381 1831 421 Σω-

449 430 639 488 στράτου
668 434 744 486 τῆς
775 428 1043 500 Συρακόσης
1065 435 1412 501 τυραννοῦντος.
1441 433 1609 488 ἔχοντες
1630 431 1834 485 στρατιώ-

446 506 524 539 τας
562 489 751 559 μυρίους
789 486 1075 542 διεπολέμουν
1115 486 1340 556 ἀλλήλοις·
1386 487 1640 560 ἀμφότεροι
1681 489 1726 533 65
1760 490 1834 534 κά,

362 572 416 612 11
448 561 630 617 μνοντες
659 543 707 587 ἐν
734 547 795 601 τῷ
825 543 998 614 πολέμῳ
1035 543 1392 615 διεπρεσβεύοντο
1421 545 1533 617 πρὸς
1564 545 1768 600 Πύῤῥον

362 626 418 669 40
549 600 654 644 ’Ότι
683 588 866 671 Πύρρος
895 599 942 643 ἐν
967 599 1123 670 Ἰταλίᾳ
1151 600 1415 657 ἐπολέμησεν
1445 602 1516 673 ἔτη
1548 603 1630 646 δύο
1661 603 1736 646 καὶ
1757 605 1834 672 μῇ-

446 676 528 710 νας
557 656 776 712 τέσσαρας
822 656 928 699 Ὀτι
954 656 1116 700 τούτου
1144 659 1588 727 παρασκευαζομένου
1616 658 1728 712 πρὸς
1757 659 1834 702 τὸν

447 716 641 760 ἔκπλουν
693 713 770 765 τὰς
799 711 1067 767 Συρακόσας
1107 713 1400 783 Καρχηδόνιοι
1440 714 1730 769 ἐπολιόρκουν
1759 715 1835 760 καὶ

445 789 556 816 κατα
608 774 693 828 γῆν
738 771 814 814 καὶ
851 786 963 813 κατα
1009 769 1256 822 θάλατταν,
1309 770 1467 814 εκατὸν
1505 773 1666 816 ναυσὶν
1703 771 1835 829 ἐφορ-

445 834 630 886 μοῦντες
660 830 723 887 τῷ
752 826 924 883 μεγάλῳ
955 825 1115 896 λιμέιι
1146 831 1250 882 πέζῃ
1280 827 1327 870 65
1355 828 1483 872 πέντε
1510 829 1693 884 μυριάσι
1729 834 1835 899 πλη-

362 887 416 929 45
447 888 546 931 σίον
574 901 664 928 των
704 888 858 939 τειχῶν
896 882 1204 952 στρατεύοντες
1246 884 1455 953 τειχήρεις
1493 891 1692 941 συνεῖχον
1728 885 1837 937 τούς

444 942 780 1010 Συρακοσίους,
810 940 885 983 καὶ
913 939 1004 1009 τὴν
1021 938 1171 1009 χώραν
1202 939 1351 985 αὐτῶν
1379 943 1714 1011 κατατρέχοντες
1743 942 1837 998 ἕρη-

444 1016 531 1070 μον
571 997 908 1043 κατεσκεύασαν.
940 995 1008 1040 διὸ
1045 1002 1119 1068 τῷ
1137 997 1310 1055 πολέμῳ
1340 998 1583 1052 κάμνοντες
1614 1001 1658 1043 οῖ
1686 1003 1832 1054 Συρα-

443 1056 586 1102 κόσιοι
616 1072 694 1105 τας
724 1054 901 1105 ἐλπίδας
945 1051 1063 1109 εἶχον
1103 1053 1150 1097 ἐν
1186 1059 1247 1114 τῷ
1279 1055 1445 1113 Πύρρῳ
1484 1055 1558 1100 δια
1595 1055 1835 1099 Λάνασσαν

444 1130 525 1170 την
565 1115 776 1167 γυναῖκα,
813 1127 895 1167 την
934 1110 1160 1179 θυγατέρα
1187 1100 1524 1169 Ἀγαθοκλέους,
1568 1113 1611 1165 ἐξ
1634 1130 1692 1183 ης
1721 1112 1850 1182 έγένε

366 1176 421 1219 50
449 1181 597 1241 νησεν
605 1168 893 1240 Ἀζλέξανδρον
922 1166 1038 1213 υἱόν
1067 1168 1142 1211 καὶ
1171 1168 1244 1212 δια
1272 1173 1405 1213 τοῦτο
1435 1168 1535 1214 καθ’
1563 1168 1729 1224 ἡμέραν
1757 1168 1837 1213 α’λ-

445 1232 552 1279 λους
582 1224 649 1270 ἐπ’
694 1223 843 1276 ἄλλοις
881 1216 1079 1294 πρέσβεις
1109 1225 1311 1270 ἔστελλον
1317 1226 1448 1298 x71969
1477 1224 1629 1270 αὐτόν.
1661 1224 1838 1298 έμβιβάὶ-

449 1296 527 1335 σας
567 1284 613 1327 65
655 1281 734 1326 τὸν
774 1280 884 1326 λαὸν
925 1284 985 1333 εἰς
1013 1300 1089 1333 τας
1119 1287 1230 1334 ναῦς
1258 1283 1333 1326 καὶ
1361 1284 1467 1335 τούς
1497 1284 1734 1352 ἐλέφαντας
1762 1283 1838 1327 καὶ

446 1340 527 1397 τὴν
559 1339 695 1395 ἄλλην
725 1339 1008 1396 παρασκευὴν
1039 1340 1286 1391 ἐξέπλευσεν
1315 1339 1363 1384 ἐκ
1392 1345 1467 1396 τῆς
1498 1340 1737 1396 Τάραντος,
1763 1340 1838 1384 καὶ

363 1404 416 1446 55
447 1399 673 1448 δεκαταῖος
713 1398 772 1447 εἰς
807 1397 1016 1465 Λοκροὺς
1045 1401 1243 1452 κατῆρεν.
1287 1397 1489 1441 ἐντεῦθεν
1534 1396 1838 1448 καταπλεύσας

446 1455 525 1498 τὸν
571 1452 779 1524 πορθμὸν
828 1453 903 1496 καὶ
943 1452 1097 1508 διάρας
1147 1456 1355 1498 Σικελίαν
1397 1458 1601 1527 κατῆρεν
1651 1456 1710 1505 εἰς
1754 1451 1837 1510 τὴν

453 1511 771 1580 Ταυρομένιον.
803 1510 971 1553 ἐκεῖθεν
1001 1510 1352 1566 προςλαβὸμενος
1372 1512 1431 1563 εἷς
1458 1513 1707 1567 συμμαχίαν
1729 1514 1837 1553 Τυν·

449 1570 647 1622 δαρίωνα
689 1566 768 1610 τόν
807 1565 1060 1635 δυνάστην
1073 1570 1395 1623 Ταυρομενίας,
1438 1585 1513 1612 και
1552 1568 1700 1624 λαβών
1729 1565 1837 1620 παρ’

450 1624 591 1668 αυτοῦ
629 1623 919 1678 στρατιώτας,
959 1626 1248 1669 κατέπλευσεν
1285 1627 1344 1676 εἰς
1381 1624 1462 1680 τήν
1500 1625 1725 1681 Κατάνην.
1764 1640 1840 1668 και

365 1682 420 1735 60
448 1684 733 1736 προςδεχθεὶς
777 1680 864 1725 ὑπὸ
916 1686 1005 1725 τῶν
1044 1682 1264 1737 ἐγχωρίων
1303 1682 1499 1737 μεγάλως
1545 1683 1619 1726 καὶ
1658 1685 1839 1750 χρυσοῖς

384 1769 388 1774 -
449 1737 683 1808 στεφάνοις
714 1739 930 1794 στεφθείς,
963 1737 1198 1796 ἀπεβίβασε
1227 1756 1308 1793 την
1337 1739 1470 1795 πεζήν
1500 1739 1704 1794 δύναμιν.
1736 1736 1837 1781 ταύ-

448 1812 523 1852 της
561 1794 607 1838 65
646 1795 948 1852 πορευομένης
991 1797 1051 1847 εἰς
1082 1795 1348 1850 Συρακόσας
1389 1796 1463 1839 καὶ
1495 1796 1519 1839 ὁ
1550 1795 1702 1845 στόλος
1733 1806 1837 1849 συμ-

448 1851 660 1906 παρέπλει
688 1853 1009 1907 κεκοσμημένος
1039 1853 1150 1908 πρὸς
1177 1854 1435 1922 ναυμαχίαν.
1479 1851 1537 1904 ὠς
1578 1853 1623 1896 65
1653 1852 1839 1907 πλησίον

450 1910 651 1978 ἐγένοντο
681 1909 965 1979 Συρακόσης,
1011 1912 1056 1953 οῖ
1094 1910 1173 1964 μὲν
1204 1908 1503 1964 Καρχηδόνιοι
1544 1912 1838 1964 προαπεσταλ-

366 1973 422 2014 65
449 1965 572 2017 κότες
609 1965 849 2021 τριάκοντα
885 1970 996 2018 ναῦς
1036 1966 1108 2009 διά
1139 1983 1259 2017 τινας
1287 1968 1431 2022 χρείας
1470 1965 1710 2035 αναγκαίας
1742 1970 1838 2014 ταῖς

449 2024 856 2078 καταλελειμμέναις
887 2022 971 2066 οὐκ
999 2022 1242 2080 ἐτόλμησαν
1261 2027 1510 2080 πολεμῆσαι.
1543 2022 1694 2076 διόπερ
1718 2020 1842 2076 Πύῤ-
1866 2054 1870 2065 ,

382 2110 390 2119 κ,
451 2081 530 2133 ρος
561 2079 809 2130 ἀκινδύνως
842 2079 1094 2124 διέπλευσεν
1135 2082 1194 2131 είς
1224 2081 1511 2133 Συρακόσας,
1550 2080 1626 2123 καὶ
1654 2078 1839 2148 παρέλα

448 2140 497 2193 βε
536 2137 615 2205 τῂν
653 2140 811 2192 Νῆσον
851 2137 972 2192 παρὰ
1024 2139 1275 2188 Θυνίωνος,
1316 2136 1396 2194 τὴν
1438 2137 1485 2180 δὲ
1524 2135 1660 2192 α’λλην
1706 2134 1838 2178 πόλιν

364 2193 419 2231 70
448 2193 567 2248 παρτὲ
600 2194 893 2247 Συρακοσίων
932 2194 1005 2237 καὶ
1036 2195 1365 2248 Σωσιστράτου.
1410 2195 1539 2245 οὗτος
1570 2194 1616 2237 65
1647 2193 1837 2246 ἐκυρίευ-

449 2262 524 2294 σεν
550 2250 841 2305 Ἀκράγαντος
870 2251 944 2294 καὶ
973 2255 1149 2294 πολλων
1178 2250 1322 2294 ἄλλων
1351 2251 1543 2303 πόλεων,
1576 2251 1685 2306 ἔχων
1714 2260 1839 2303 στρα-

447 2306 605 2359 τιώτας
642 2307 752 2363 ὑπὲρ
794 2324 901 2360 τους
938 2309 1137 2364 μυρίους.
1178 2308 1252 2352 καὶ
1293 2308 1373 2352 τὸν
1407 2308 1487 2365 μὲν
1521 2308 1728 2352 Θυνίωνα
1766 2304 1842 2349 καὶ

447 2432 506 2468 32.
532 2430 736 2478 ἐνέπρησαν
761 2432 926 2473 Rhod.‚’
910 2446 1098 2478 ενεπειραν
1116 2434 1153 2467 Η
1293 2432 1351 2467 37.
1376 2429 1545 2478 ἀλλήλοις
1568 2431 1701 2472 Rhod„
1730 2427 1820 2476 άλλή
1823 2451 1840 2456 -

448 2481 588 2518 λουςΗ
680 2479 738 2537 3⁷8⁰
763 2478 803 2514 ἐν
827 2480 1019 2513 deleverim
1118 2480 1176 2514 40.
1201 2478 1393 2523 τέσσαρας]
1417 2479 1449 2514 δ’
1462 2481 1498 2514 11
1615 2479 1672 2512 42.
1692 2445 1838 2521 ἑκατόν]

448 2524 479 2567 ρ’
500 2528 536 2560 Η
608 2524 665 2558 43.
690 2525 941 2568 εφορμοῦντες
968 2526 1099 2565 ΒΙιοᾶ..
1125 2524 1359 2569 εφορμῶντες
1383 2527 1418 2559 11
1511 2526 1613 2570 πεζῇ]
1639 2524 1777 2566 πεζὶΗ

448 2572 505 2606 48.
530 2570 729 2607 Λάνασσαν
756 2573 845 2606 Wes
840 2573 1026 2617 selingius
1060 2570 1270 2606 ΙὶῙάνασσαν
1302 2574 1338 2606 Η
1431 2571 1488 2605 51.
1525 2571 1689 2607 ἔστελλον
1708 2569 1839 2627 Rh⁰5³”

449 2617 566 2653 στέλλε
570 2632 604 2652 ιν
630 2619 664 2650 Η
812 2618 868 2652 55.
905 2618 1160 2662 καταπλεύσες
1194 2618 1260 2653 τὸν
1294 2617 1470 2663 πορθμὸν
1500 2619 1563 2654 καὶ
1599 2615 1747 2661 διάρας]
1783 2615 1839 2650 ἐκ-

449 2665 608 2703 πλεύσας
632 2665 695 2698 καὶ
720 2664 850 2709 διάρσς
874 2663 938 2699 τὸν
962 2663 1139 2707 πορθμὸν
1165 2664 1250 2697 Rei
1255 2663 1332 2698 kius
1472 2664 1656 2707 Σικελίαν]
1683 2664 1748 2718 τῆς
1772 2664 1839 2696 Σι-

449 2713 548 2746 ,Ἀιελιι
552 2724 568 2751 ς
594 2711 708 2744 mnne..
860 2709 917 2744 59.
943 2711 1106 2755 μεγάλως
1129 2712 1184 2743 ἰ(61
1220 2723 1262 2753 με
1268 2711 1422 2754 γαλωστι
1447 2712 1587 2752 Βῑιοᾱ.9
1611 2708 1781 2754 μεγάλοις
1804 2709 1840 2742 Η

598 2758 656 2790 (H.
681 2771 752 2800 τρι
742 2756 936 2801 ἁκοντα]λ’
957 2759 993 2790 11
1118 2757 1176 2789 67.
1199 2770 1290 2799 παρ’
1278 2756 1379 2802 ἔλαβε
1404 2759 1534 2799 Rhod„
1552 2753 1780 2801 παραλαβών
1804 2755 1839 2787 H

556 2802 611 2837 (59.
640 2805 881 2849 Συρακοσίων
916 2804 1060 2846 mm„
1101 2805 1350 2849 Σιρακοσιόις
1376 2805 1410 2838 Η
1534 2804 1591 2838 w.
1618 2801 1839 2848 ἐκυρίευσεν]
