1968 3346
488 154 546 200 62
774 147 1077 190 EXCERPTA
1100 149 1300 191 ῬΗΟΤΙΙ
1328 149 1374 190 L.
1405 149 1600 194 XXXVI.

484 262 538 306 δὲ
569 259 711 304 αὐτοῦ
746 257 827 316 τὴν
858 257 943 303 ἀπὸ
973 262 1049 315 τῆς
1089 257 1256 311 πόλεως
1278 258 1565 332 ἀναχώρησιν
1593 260 1890 308 κατέπλευσοῖν
1930 286 1935 288 >

489 334 605 368 τινες
632 317 679 360 3v
708 321 802 367 ταῖς
829 317 962 360 ναυσὶ
996 318 1244 387 κομίζοντες
1273 316 1524 375 ἐπιλέκτους
1552 322 1888 373 Μαυρουσίους,
1935 320 1951 370 44

491 378 536 417 οἱ
575 374 644 418 ἐπὶ
688 372 902 443 βοήθειαν
935 368 1063 443 ἦσαν.
1098 372 1414 442 ἀπεσταλμένοι
1453 379 1547 425 τοῖς
1564 379 1888 431 Λιλυβαΐταις,
1942 375 1950 421 ἲ

408 432 466 475 15
491 431 659 501 ἔχοντες
687 429 956 500 ἡγούμενον
966 429 1015 480 ὃς
1045 428 1290 485 ὠνομάζετο
1322 429 1496 486 Γόμων.
1525 432 1656 482 οὗτος
1685 432 1769 475 συν
1796 439 1889 485 τοῖς
1932 434 1951 486 -ζ

479 485 559 542 ἅμ’
600 484 722 545 αὔτῳ
751 487 861 530 κατοὲ
899 485 1040 531 νύκτα
1079 488 1154 530 καὶ
1194 487 1460 538 ἀνελπίστως
1490 486 1757 557 ἐπιθέμενος
1785 506 1891 541 τους

432 565 438 569 -
487 544 587 598 περὶ
626 533 879 614 Ἀθηνίωνα
918 543 1292 598 ὁδοιποροῦντας,
1335 543 1527 595 πολλοὺς
1556 543 1888 613 καταβαλόντες,
1932 543 1951 587 ’Ξ

490 600 574 644 οὐκ
615 597 793 654 ὀλίγους
839 601 884 644 63
899 602 1309 669 τραυματίσαντες,
1350 602 1410 651 εἰς
1439 617 1521 658 την
1549 600 1677 645 πόλιν
1705 602 1889 659 ἐπανῆλ-
1941 603 1950 618 ²

480 662 587 701 θον.
631 656 782 711 διόπερ
825 659 870 700 οἱ
920 654 1162 701 αποσταται
1210 656 1293 714 τήν
1341 657 1390 701 ἐκ
1431 675 1508 714 της
1546 655 1889 715 αστρομαντείας

480 713 736 775 ,πρόῤῥησιν
770 713 1037 768 ἐθαύμαζον

402 775 486 817 20,
602 770 711 841 Εἶχε
751 771 797 813 63
834 786 917 826 την
951 769 1162 813 Σικελίαν
1196 772 1344 814 πασαν
1383 769 1592 843 σύγχυσις
1624 771 1700 815 καὶ
1738 775 1891 817 κακῶν
1947 785 1950 788 “

481 825 623 878 ’[λιάς.
656 825 711 870 οὐ
740 827 824 883 γὰρ
857 829 900 870 οἱ
931 829 1089 870 δοῦλοι
1117 824 1259 881 μόνον
1288 825 1397 870 αλλοὶ
1427 828 1502 871 καὶ
1529 832 1619 871 τῶν
1642 828 1891 899 ἐλευθέρων

488 886 534 928 οἱ
548 884 727 955 αποροι
755 889 900 927 πᾶσαν
937 881 1145 939 αρπαγὴν
1183 884 1258 926 καὶ
1285 885 1566 939 παρανομίαν
1594 884 1889 940 ἐργαζόμενοι,
1943 902 1949 934 ·]

483 941 563 984 καὶ
599 940 704 991 τούς
740 955 1140 1011 περιτυγχανοντας
1176 939 1366 991 δούλους
1405 956 1451 984 τε
1488 941 1562 984 καὶ
1596 941 1889 1010 ἐλευθέρους,
1942 947 1949 983 ,t

402 999 458 1044 25
489 996 610 1048 ὅπως
638 998 787 1067 μηδεὶς
816 995 1052 1052 απαγγέλοι
1087 996 1167 1052 τὴν
1195 997 1295 1052 περὶ
1326 995 1490 1048 αὐτούς
1519 995 1757 1051 απόνοιαν,
1788 1000 1892 1069 ἐφό-
1936 1028 1941 1046 -,
1965 1027 1966 1030 =

485 1070 620 1098 νευον
649 1053 855 1105 αναιδῶς.
889 1053 958 1097 ὁιὸ
989 1054 1064 1098 καὶ
1092 1053 1250 1105 πάντες
1279 1055 1321 1098 οἱ
1349 1071 1458 1097 κατα
1488 1071 1564 1105 τας
1598 1054 1746 1107 πόλεις
1773 1054 1890 1101 ὑπε-

482 1110 716 1166 λαμβανον
753 1111 807 1154 τὰ
846 1111 926 1167 μὲν
969 1109 1090 1160 ἐντὸς
1119 1115 1271 1166 τειχῶν
1310 1111 1448 1180 μόλις
1473 1116 1586 1154 εἰναι
1613 1112 1810 1164 ἴδια,τά
1844 1111 1888 1158 δ’
1942 1110 1949 1154 ³.

482 1167 607 1219 ἐκτὸς
637 1164 846 1221 ἀλλότρια
885 1168 961 1211 καὶ
991 1170 1131 1211 δοῦλα
1171 1172 1258 1237 τῆς
1275 1165 1538 1237 παρανόμου
1567 1171 1888 1237 χειροκρασίας.
1946 1168 1948 1178 '

483 1225 560 1269 καὶ
603 1224 713 1268 ἄλλα
745 1225 792 1269 63
831 1224 970 1269 πολλα
1012 1228 1190 1275 πολλοῖς
1230 1223 1372 1268 ἄτοπα
1414 1241 1526 1269 κατα
1563 1224 1644 1281 τὴν
1678 1228 1889 1271 Σικελίαν

483 1281 706 1352 ἐτολμᾶτο.
1012 1294 1027 1310 ”

398 1340 458 1380 30
596 1337 647 1382 Ὁ
678 1337 725 1382 63
731 1353 833 1408 την
854 1336 1181 1407 Μοργαντίνην
1210 1337 1506 1394 πολιορκήσας
1535 1333 1773 1390 Σαλούιος,
1803 1337 1898 1381 ἔπι·

484 1393 669 1465 δραμών
693 1394 775 1450 τὴν
803 1392 952 1464 χώραν
981 1394 1106 1450 μέχρι
1142 1398 1223 1438 τοῦ
1252 1399 1496 1440 Λεοντίνου
1529 1397 1706 1446 πεδίου,
1735 1394 1891 1450 ἥθροι-

482 1466 562 1497 σεν
602 1451 742 1495 αὑτοῦ
778 1452 827 1494 τὸ
878 1449 1059 1506 σύμπαν
1107 1450 1373 1508 στράτευμα,
1428 1453 1680 1503 ἐπιλέκτους
1725 1452 1890 1506 α’νδρας

483 1509 569 1553 οὐκ
597 1508 803 1559 ἐλάττους
831 1524 920 1551 των
950 1509 1242 1562 τριςμυρίων,
1275 1510 1349 1552 καὶ
1377 1510 1521 1560 θύσας
1549 1514 1642 1560 τοῖς
1672 1512 1888 1559 Παλικοΐς

482 1566 639 1633 ἣρωσι
666 1564 840 1615 τούτοις
879 1565 959 1633 μὲν
997 1564 1187 1619 ἀνέθηκε
1223 1566 1331 1621 μίαν
1366 1582 1458 1609 των
1499 1564 1731 1636 ἁλουργῶν
1760 1571 1948 1618 περι-535

397 1625 454 1668 35
485 1621 736 1678 πορφύρων
746 1621 928 1691 στολην
958 1621 1216 1691 χαριστήρια
1251 1627 1328 1691 τῆς
1356 1625 1505 1693 νίκης,
1545 1620 1680 1673 αὐτὸς
1709 1619 1752 1665 δ’
1782 1638 1888 1665 ανα-

481 1679 701 1736 γορεύσας
739 1677 898 1722 ἑαυτὸν
937 1678 1121 1734 βασιλέα
1167 1676 1365 1733 Τρύφων
1399 1680 1480 1735 μὲν
1519 1677 1610 1723 ’ὑπὸ
1649 1683 1740 1722 τῶν
1781 1676 1888 1722 οἷπο-

483 1741 656 1782 στατῶν
693 1735 1055 1792 προςηγορεύετο.
1096 1737 1414 1806 διανοούμενος
1469 1736 1516 1780 63
1559 1753 1612 1780 τα
1646 1732 1889 1805 Τριόκαλοι

482 1793 811 1864 καταλαβέσθαι
848 1793 923 1836 καὶ
963 1790 1289 1836 κατασκευάσαι
1329 1795 1552 1864 βασίλεια,
1603 1790 1762 1848 πέμπει
1812 1793 1888 1836 καὶ

398 1853 454 1897 40
483 1849 597 1904 πρὸς
630 1848 821 1919 ’ᾼθηνίο
825 1865 902 1902 να,
943 1848 1328 1919 μεταπεμπόμενος
1369 1848 1506 1893 αὐτὸν
1547 1864 1606 1919 ως
1637 1849 1886 1920 στρατηγὸν

485 1906 705 1964 βασιλεύς.
743 1906 901 1956 πάντες
940 1906 990 1962 μὲ
974 1922 1021 1949 εν
1055 1911 1139 1949 ουν
1173 1905 1489 1979 ὑπελαμβανον
1527 1907 1605 1949 τὸν
1637 1903 1888 1974 Ἀθηνίωνα

483 1981 574 2008 των
602 1965 829 2019 πρωτείων
868 1961 1254 2032 αντιποιησεσθαι,
1297 1965 1371 2007 καὶ
1403 1963 1476 2007 δια
1503 1962 1586 2033 τήν
1615 1961 1770 2006 στάσιν
1796 1967 1889 2008 τῶν

486 2020 748 2065 αποστατων
785 2020 946 2091 ῥᾳδίως
985 2019 1380 2090 καταλυθήσεσθαι
1407 2021 1487 2065 τόν
1521 2015 1737 2074 πόλεμον·
1781 2018 1808 2076 ἡ
1838 2018 1886 2063 63

484 2077 591 2149 τύχη
629 2077 831 2131 καθάπερ
874 2076 1069 2147 ἐπίτηδες
1107 2076 1303 2129 αὔξουσα
1332 2095 1409 2128 τας
1437 2080 1526 2120 τῶν
1556 2079 1782 2129 δραπετῶν
1811 2078 1887 2120 δυ·

399 2137 455 2182 45
486 2133 662 2204 νάμεις.
705 2133 951 2204 ὁμονοῆσαι
986 2133 1090 2185 τοὺς
1120 2133 1292 2177 τούτων
1320 2130 1537 2205 ἡγεμόνας
1565 2134 1778 2203 ἐποίησεν.
1806 2127 1884 2188 ἧκε

483 2193 562 2262 μὲν
591 2191 677 2247 γοέρ
710 2190 940 2249 συντόμως
969 2207 1087 2262 μετα
1104 2195 1180 2246 τῆς
1207 2192 1436 2247 δυνάμεως
1468 2191 1536 2234 ἐπὶ
1565 2207 1619 2233 τα
1664 2188 1884 2244 Τριόκαλα

485 2249 509 2293 6
546 2250 763 2319 Τρύφων,
793 2250 869 2303 ἡκε
900 2249 947 2291 63
976 2248 1050 2291 καὶ
1076 2247 1292 2303 Ἀθηνίων
1331 2264 1449 2317 μετα
1474 2247 1741 2315 τριςχιλίων,
1772 2262 1883 2300 υπα-

482 2306 634 2352 κούων
675 2303 734 2356 ὠς
772 2306 1015 2362 στρατηγὸς
1052 2308 1226 2362 βασιλεῖ
1262 2308 1324 2363 τῷ
1358 2302 1598 2361 Τρύφωνι,
1634 2320 1717 2360 την
1745 2290 1882 2360 ἄλλην

483 2442 541 2476 13.
565 2439 657 2484 τοῖς]
682 2442 747 2484 τῆς
770 2438 879 2477 Amst.
1040 2440 1098 2475 15.
1131 2454 1228 2476 κατα
1248 2461 1293 2468 --
1306 2438 1536 2484 ἐπιθέμενος
1559 2450 1629 2473 om.
1652 2438 1763 2472 Amet.

483 2489 542 2523 17.
568 2485 716 2531 ὀλίγους
739 2488 767 2520 Α
793 2489 922 2529 Amst„
948 2489 1076 2522 caeteri
1101 2485 1228 2534 ὀλίγας
1378 2488 1434 2521 1⁴).
1462 2485 1501 2521 ἐκ
1527 2488 1577 2527 Α,
1603 2485 1732 2519 caeteri
1756 2482 1832 2519 οἷπὸ

484 2535 542 2569 20.
570 2535 694 2568 πᾶσαν
720 2534 848 2577 ΑιιιεῐἾ
874 2535 1006 2568 caeteri
1027 2536 1132 2570 πᾶσα
1291 2533 1350 2568 2-ἓ.
1377 2537 1463 2567 cina
1456 2511 1583 2577 [γέλοι’]
1612 2529 1826 2588 ἀπαγγέλλοι
1849 2531 1879 2565 Α

577 2581 634 2615 33.
660 2581 734 2614 τῶν
759 2591 827 2613 om.
852 2581 962 2614 Amst.
1106 2582 1287 2619 Παλικοῖς
1315 2580 1556 2614 casaubonus.
1581 2577 1665 2611 libri
1692 2575 1881 2618 Ἰταλικοις

574 2636 656 2673 535.
680 2637 738 2671 36·
769 2635 950 2681 Τρύφων]
981 2637 1174 2692 Τρύφωνα
1198 2639 1229 2671 Β
1253 2638 1337 2671 Ams
1341 2641 1386 2679 t.,
1415 2635 1604 2679 Τρόφωνα
1626 2635 1658 2668 A
1786 2632 1878 2691 υπὸ]

482 2681 573 2728 μετ-οὶ
592 2686 622 2718 Α
714 2683 771 2718 37.
795 2684 1043 2729 προςηγορεύε
1046 2686 1101 2728 το]
1126 2696 1355 2739 προηγαγετο
1374 2683 1436 2716 ΑΒ
1455 2684 1566 2718 Amst.
1677 2679 1736 2715 38.
1767 2684 1818 2726 Τρ
1823 2679 1878 2717 ιο’-

483 2729 593 2774 καλα]
624 2727 803 2773 Τριόκελα
825 2732 856 2765 A
982 2731 1040 2766 ‘ll
1066 2729 1391 2787 ἀντιποιήσεσθαι]
1400 2724 1733 2786 ἇντιπσιήσασθαι
1755 2729 1785 2762 Α

482 2777 541 2813 43
564 2773 746 2822 πόλεμον]
769 2777 945 2826 πολέμιον
960 2778 1071 2816 Amst.
1172 2777 1229 2814 46.
1253 2775 1346 2824 μετὰ
1368 2776 1436 2824 τῆς
1457 2773 1652 2822 δυνάμεως
1674 2768 1876 2812 01n.Amst'.
