1968 3346
403 226 705 269 EXCERPTA
729 224 934 268 ΡΗΟΤΙΙΔ
952 226 1001 266 L.
1029 225 1223 270 XXXVI
1451 232 1509 274 59

82 341 276 412 ρούας
284 323 395 383 κατὰ
415 338 551 408 τάχος
580 335 731 389 αὐτοῖς
759 336 955 380 ἐπελθών
986 338 1060 381 καὶ
1091 342 1346 410 πολιορκῶν
1371 338 1509 395 απρα-

115 402 225 442 κ’τον
254 396 345 451 ἔσχε
373 395 454 467 την
484 393 694 466 σπουδήν.
734 394 821 437 ἐπεὶ
852 394 898 437 δὲ
922 395 1002 463 βία
1032 393 1258 438 ἀνάλωτον
1286 397 1337 440 τὸ
1368 396 1509 452 φρού-

81 471 83 495 ι
115 469 218 524 (nov
255 453 389 506 ἐώρα,
431 452 518 496 ἐπὶ
528 451 608 508 τὴν
636 452 882 506 προδοσίαν
911 467 1016 520 ορα,
1047 452 1120 494 καὶ
1151 455 1364 522 σωτηρίας
1394 454 1509 496 ὑπο-
1538 463 1594 503 90

80 520 83 559 ,ὲ
115 511 285 581 σχέσεσι
318 509 470 568 Γάιον
499 510 693 552 Τιτίνιον
728 497 1073 579 ἐπικαλούμενον
1113 510 1309 552 Γαδαῖον
1340 508 1513 553 ἀναπεί-

115 579 216 618 σας,
255 570 312 622 ἦν
351 565 394 610 δ’
438 561 569 616 οὗτος
605 563 693 617 πρὸ
734 567 856 608 δυεῖν
894 563 1002 608 ἐτῶν
1052 567 1393 617 καταδικασθεὶς
1432 566 1513 622 μὲν

80 621 321 692 θανάτῳ,
372 622 453 676 τὴν
490 624 704 676 τιμωρίαν
744 620 790 666 δ’
829 620 1038 690 ἐκφυγών
1077 622 1151 665 καὶ
1190 623 1383 672 πολλοὺς
1420 627 1513 666 τῶν

112 679 225 724 κατὰ
253 678 335 733 τὴν
362 677 510 735 χωραν
539 677 783 732 ἐλευθέρων
810 677 921 720 κατά
950 680 1155 752 λῃστείαν
1185 677 1404 749 ἀναιρῶν,
1437 677 1513 722 οὐ·

114 737 222 780 δένα
259 737 307 779 δὲ
341 739 431 778 τῶν
471 736 653 780 οἰκετῶν
687 738 982 787 παραλυπῶν,
1024 733 1134 790 εἶχεν
1173 733 1394 790 ὑπηρέτην
1431 739 1513 778 τοῦ
1542 745 1597 788 95

115 796 298 837 σκοποῦ.
361 794 492 843 οὗτος
546 792 655 848 ἔχων
710 791 829 849 αὐτῷ
873 791 1056 842 πιστοὺς
1112 793 1280 842 οἰκέτας
1329 791 1513 842 ἱκανοὺς

25 852 31 859 ”
74 874 81 902 ;
112 849 308 902 πρόςεισι
345 853 406 905 τῷ
443 850 647 920 φρουρίῳ
683 852 773 891 τῶν
802 837 1096 898 ἀποστατῶν,
1130 847 1188 899 ὠς
1219 849 1270 917 δὴ
1300 849 1514 903 συμμεθέ-

76 907 81 954 ξ
113 907 202 957 ξων
229 909 310 949 τοῦ
330 905 449 949 κατά
473 904 699 958 Ρωμαίων
728 905 943 958 πολέμου·
987 903 1182 975 εὐμενῶς
1198 905 1259 948 δὲ
1287 906 1361 948 καὶ
1392 910 1513 961 φιλυ-

21 984 24 995 v
113 961 292 1033 φρόιως
327 963 604 1017 προςδεχθεὶς
646 961 785 1031 ᾑρέθη
825 961 898 1005 διὰ
926 962 1006 1018 τήν
1047 961 1253 1014 ἀνδρείαν
1284 963 1357 1005 καὶ
1388 974 1513 1016 στρα-
1545 972 1626 1013 100

20 1055 24 1067 ,
111 1019 255 1086 τηγός,
286 1020 358 1062 καὶ
387 1019 618 1072 προῦδωκε
646 1019 695 1061 τὸ
728 1017 961 1073 φρούριον.
991 1023 1082 1061 τῶν
1112 1018 1156 1061 6'
1188 1017 1444 1061 ἀποστατῶν
1471 1020 1515 1061 οἱ

19 1081 33 1121 ,“
76 1107 79 1135 3
111 1077 192 1132 μὲν
221 1074 460 1146 μαχόμενοι
485 1074 805 1130 κατεκόπησαν,
836 1077 880 1118 οἷ
910 1075 957 1121 δὲ
978 1092 1058 1131 την
1090 1073 1176 1118 ἀπὸ
1204 1079 1280 1130 τῆς
1311 1074 1515 1126 αλωσεως

25 1138 33 1145 ”
76 1176 80 1187 ‚
113 1132 303 1183 δεδιότες
323 1133 537 1188 τιμωρίαν
555 1149 738 1182 εαυτους
756 1131 1116 1187 κατεκρήμνισαν.
1143 1132 1171 1187 ἡ
1193 1132 1271 1186 μὲν
1289 1134 1374 1175 οὐν
1397 1131 1516 1185 πρωῑ

75 1219 77 1242 2
111 1206 164 1247 τη
192 1193 282 1232 τῶν
309 1191 536 1243 δραπετῶν
564 1187 714 1239 στάσις
733 1188 953 1257 κατελύθη
976 1188 1056 1231 τὸν
1082 1187 1514 1260 εἰρημένοντρόπον.

16 1282 19 1294 ,
233 1249 333 1289 Τῶν
369 1245 415 1288 δὲ
449 1250 729 1299 στρατιωτῶν
764 1244 876 1298 πρὸς
905 1262 960 1288 τα
987 1247 1125 1288 οἰκεῖα
1155 1245 1242 1301 η’θη
1273 1244 1514 1288 ἀπολυθὲν-
1572 1253 1599 1296 5

26 1299 32 1309 ’
74 1316 77 1345 :
111 1319 221 1354 των,
263 1301 374 1358 ηκόν
414 1318 528 1352 τινες
569 1301 910 1357 ἀπαγγέλλοντες
951 1300 1018 1344 ὅτι
1057 1301 1260 1345 Πόπλιον
1303 1300 1514 1354 Κλόνιον,

9 1401 16 1407 ,
110 1359 348 1416 γενόμενον
378 1357 508 1401 ἱππέα
532 1356 783 1428 Ρωμαίων,
825 1357 1143 1408 ἐπαναστάντες
1183 1361 1228 1401 οἱ
1256 1361 1409 1403 δοῦλοι
1438 1376 1514 1402 κα-

12 1414 32 1465 'J‘
70 1444 77 1466 s
109 1417 339 1486 τέσφαξαν
370 1413 643 1483 ὀγδοήκοντα
685 1413 824 1465 ὄντες,
865 1415 938 1458 καὶ
972 1413 1040 1458 ὅτι
1069 1420 1239 1469 πλῆθος
1270 1414 1507 1470 ἀγείρουσι.
1542 1430 1545 1434 ’

16 1471 33 1523 ζ’
70 1493 77 1527 ,ι
111 1474 186 1517 καὶ
233 1470 256 1516 ὁ
297 1472 374 1528 μὲν
422 1470 660 1527 στρατηγὸς
704 1471 862 1525 ἐτέρων
899 1474 1094 1540 βουλιΐς
1139 1475 1511 1527 παρακρουσθείς,
1546 1483 1600 1523 10

15 1572 20 1584 ‚
71 1545 76 1557 ¹
109 1529 196 1586 η’δη
223 1529 296 1572 καὶ
322 1532 412 1571 τῶν
440 1530 656 1571 πλείστων
686 1532 962 1580 στρατιωτῶν
963 1526 1327 1597 ,ἀπολελυμένωη
1357 1528 1516 1583 καιρὸν

110 1591 288 1657 παρεῖχε
329 1584 403 1628 δια
443 1590 518 1640 τῆς
560 1584 778 1640 ἀναβολης
816 1590 907 1635 τοῖς
948 1582 1207 1635 ἀποστάταις
1238 1585 1411 1639 βέλτιον
1441 1586 1520 1629 αὖ·
1582 1640 1587 1642 .

9 1683 12 1693 ,
113 1643 220 1693 τούς
250 1641 594 1710 ἀσφαλίσασθαι.
627 1646 793 1696 προῆγε
824 1641 871 1682 δὲ
901 1640 1008 1696 μετὰ
1048 1645 1137 1684 τῶν
1168 1641 1361 1685 ἐνόντων
1391 1656 1519 1698 στρα-
1544 1660 1546 1662 ’

25 1708 34 1717 ’
60 1703 62 1707 ’
115 1702 305 1749 τιωτῶν,
346 1699 420 1741 καὶ
459 1698 614 1753 διαβάς
653 1697 732 1740 τὸν
757 1697 921 1752 ’Ἀλβαν
951 1696 1152 1751 ποταμόν
1181 1703 1383 1753 παρῆλθε
1411 1699 1518 1751 τούς

15 1799 19 1811 ‚
64 1766 67 1809 fi
115 1754 363 1806 ἀποστάτας
406 1756 707 1823 διατρίβοντας
751 1753 798 1797 ἐν
835 1753 928 1806 ὄρει
967 1740 1223 1813 καλόνμένω
1254 1759 1513 1827 Καπριανῷ,
1547 1763 1601 1805 15

65 1824 75 1871 J*
115 1813 191 1858 καὶ
220 1811 487 1882 κατήντησεν
527 1813 588 1862 εἰς
624 1810 756 1854 πόλιν
779 1808 1054 1864 Ἡράκλειαν.
1096 1811 1148 1854 ἐκ
1182 1816 1307 1883 γοῦν,
1336 1817 1419 1855 τοῦ
1459 1812 1516 1870 μὴ

7 1872 16 1923 ’,
71 1912 73 1932 i
114 1870 376 1924 προςβαλεῖν
415 1866 566 1920 αὐτοῖς
603 1866 682 1911 τὸν
715 1866 964 1937 στρατηγόν
1002 1865 1215 1923 ἀτολμίαν
1254 1867 1394 1912 αὐτοῦ
1425 1871 1517 1912 δια-

15 1931 18 1934 ’
69 1933 73 1978 -j
115 1927 383 1995 φημίσαντες
421 1923 611 1994 συχνους
648 1923 848 1967 ἀνέσειον
886 1927 975 1966 τῶν
1004 1926 1198 1968 οἰκετῶν.
1236 1926 1310 1969 καὶ
1338 1930 1516 1969 πολλῶν

13 2026 18 2039 x
116 1979 396 2051 συρρεόντων
432 1982 508 2026 καὶ
549 1980 628 2024 τὸν
668 1980 861 2028 δυνατὸν
897 1979 1069 2050 τρόπον
1107 1983 1166 2032 εἰς
1205 1981 1349 2040 μάχην
1377 1999 1515 2040 παρα-
1543 1993 1601 2033 20

71 2038 73 2054 ³
116 2037 467 2094 σκευαζομένων,
507 2037 554 2081 ἐν
592 2053 710 2108 επτα,
736 2041 831 2088 ταῖς
869 2035 1060 2092 πρώταις
1087 2036 1266 2094 ἡμέραις
1294 2041 1518 2084 καθωπλί-

69 2107 74 2114 ·
116 2101 291 2151 σθησαν
328 2096 508 2145 πλείους
555 2098 652 2137 τῶν
687 2091 983 2146 ὀκτακοσίων,
1030 2094 1184 2150 ἐφεξῆς
1222 2095 1267 2139 δ’
1312 2096 1517 2152 ἐγένοντο

23 2200 32 2209 .
115 2155 205 2196 τῶν
235 2153 452 2206 διςχιλίων
483 2149 566 2221 οὐκ
597 2150 813 2202 ἐλάττους.
843 2149 1099 2221 πυθόμενος
1130 2151 1178 2195 δ’
1209 2152 1257 2196 ἐν
1277 2152 1518 2210 ιἩρακλεία

35 2213 60 2235 1
115 2224 198 2278 την
236 2207 418 2265 αὔξησιν
457 2207 603 2252 αὐτῶν
633 2206 656 2251 ὁ
677 2209 930 2279 στρατηγὸς
956 2207 1152 2263 ηγεμόνα
1188 2212 1517 2280 προεχειρίσατο

24 2279 32 2286 ·
117 2264 308 2318 Μάρκον
349 2266 562 2318 Τιτίνιον,
609 2264 717 2316 δούς
753 2264 874 2308 αὐτῶ
911 2264 1181 2324 στρατιώτας
1218 2266 1323 2317 τούς
1359 2266 1406 2309 ἐκ
1438 2271 1516 2322 τῆς
1545 2275 1600 2316 25

107 2320 268 2391 ’Έννης
308 2337 541 2391 φρουρους
581 2310 855 2373 ἑξακοσίους
875 2324 1005 2372 οὖτος
1035 2323 1081 2365 δὲ
1111 2323 1225 2378 μάχῃ
1255 2324 1517 2379 προςβαλῶν

116 2383 208 2428 τοῖς
238 2376 524 2430 ἀποστάταις,
556 2377 648 2422 ἐπεὶ
675 2379 750 2422 καὶ
772 2382 832 2422 τῶ
862 2378 1020 2447 πλήθει
1042 2379 1114 2422 καὶ
1136 2385 1230 2431 ταῖς
1259 2382 1520 2450 δυςχωρίαις

117 2434 427 2478 ἐπλεονέκτουν
456 2435 637 2490 ἐκεῖνοι,
668 2425 831 2494 ἐτράπη
861 2436 943 2480 σὺν
971 2441 1064 2488 τοῖς
1091 2436 1191 2493 περὶ
1222 2435 1384 2489 αὐτόν,
1414 2441 1516 2481 πολ-

117 2569 176 2605 89.
200 2567 243 2605 τὸ
267 2580 336 2605 om.
353 2570 395 2604 'A
536 2571 594 2609 90.
618 2569 847 2628 υποσχὲσεσι]
870 2567 1069 2616 υπόσχεσιν
1091 2572 1203 2607 Amet
1350 2570 1408 2606 91.
1436 2572 1516 2605 Γα-

119 2617 247 2660 δαῖον]
276 2617 468 2651 Γαδδαῖον
491 2615 523 2650 Β
637 2619 696 2655 96.
725 2616 841 2664 αυτῶ]
867 2617 988 2654 αυτοῦ
1011 2620 1042 2653 Β
1157 2619 1214 2653 97.
1238 2618 1328 2662 των]
1353 2618 1416 2654 καὶ
1438 2618 1516 2652 τῶν

118 2663 151 2697 Β
297 2675 348 2702 ως
371 2660 418 2708 δὴ
442 2682 487 2688 ——
510 2663 590 2698 1⁰⁰.
617 2661 834 2701 ἀποστατῶν
859 2667 1024 2700 omittunt
1045 2666 1078 2700 B
1102 2669 1137 2700 et
1161 2676 1183 2700 a
1206 2677 1259 2710 pr.
1284 2675 1393 2699 manu
1414 2664 1446 2699 A

119 2709 155 2744 1.
188 2707 390 2753 μαχόμενοι
420 2709 449 2743 Α
482 2709 610 2756 Amet,
645 2713 773 2746 caeteri
805 2710 1039 2756 μαχούμενοι
1199 2712 1254 2745 10.
1281 2722 1516 2767 στρατιωτων

120 2751 403 2801 οἷπολελυμένων
427 2766 497 2789 om.
522 2757 552 2790 A
710 2758 768 2793 16.
793 2759 887 2802 γοῦν
910 2760 961 2799 Δ,
984 2758 1114 2792 caeteri
1138 2754 1230 2804 γάρ·
1255 2753 1297 2793 δ’
1326 2769 1395 2792 ουν
1418 2757 1517 2790 Bek-

119 2800 222 2835 kerus
362 2802 420 2835 27.
449 2801 672 2846 δυςχωρίαις
695 2804 748 2847 Α,
774 2805 904 2842 caeteri
928 2805 993 2842 δυ
979 2805 1154 2852 ςχερείᾱις
1290 2801 1349 2841 28·
1376 2800 1517 2850 ἐῒρᾶπη

120 2847 252 2890 Amut,
278 2847 360 2884 edit.
389 2847 482 2887 enim
505 2847 657 2895 ἐτράποι
