1968 3346
412 197 497 238 14⁰
554 189 854 232 EXCERPTA
882 189 954 229 DE
984 189 1138 231 VIRT.
1166 188 1244 229 ET
1275 188 1389 230 VIT.
1418 189 1467 230 L.
1495 189 1688 233 XXXIV.

413 306 456 348 οἱ
487 301 680 352 πολλούς
708 299 931 352 πλούτους
965 301 1221 356 κεκτημένοι
1262 301 1547 356 διημιλλῶντο
1586 303 1697 358 πρὸς
1725 302 1803 355 τὰς

413 365 503 404 τιδν
537 359 792 402 Ιταλιωτῶν
830 357 1135 427 ὑπερηφανίας
1164 374 1208 400 τε
1238 357 1310 400 καὶ
1339 359 1588 409 πλεονεξίας
1615 362 1689 404 καὶ
1718 377 1803 404 κα-

412 433 638 485 κουργιας
670 417 729 465 εἰς
757 414 971 470 τοιαύτην
1000 415 1084 469 γάρ
1117 414 1359 483 συνηθειαν
1388 415 1673 470 ῥαδιουργίας
1700 419 1803 468 τοὺς

415 478 565 528 νομεῖς
592 473 761 527 ἤγαγον
792 474 836 514 οἱ
864 472 1056 521 πολλοὺς
1081 470 1264 540 οἰκέτας
1293 476 1548 526 κεκτημένοι
1577 489 1665 515 των
1693 473 1803 517 Ἰτα-

331 534 386 577 85
417 534 553 574 λικων
585 530 688 580 ὤςτε
717 528 889 598 τροφὰς
929 529 1006 582 μὲν
1036 545 1094 583 μη
1124 528 1348 582 παρέχειν,
1382 528 1623 596 ἐπιτρέπειν
1653 530 1699 573 δὲ
1733 536 1805 587 λῃ-

417 585 598 631 στεύειν.
633 585 838 640 τοιαύτης
869 586 1074 640 δοθείσης
1103 584 1303 636 ἐξουσίας
1333 583 1594 638 ἀνθρώποις
1625 587 1698 628 διά
1728 589 1807 643 μὲν

416 643 497 699 τὴν
527 642 654 698 ἰσχυν
682 646 771 684 τῶν
801 641 1015 696 σωμάτων
1047 641 1308 696 δυναμένοις
1337 645 1427 683 πᾶν
1445 642 1494 684 τὸ
1521 643 1675 695 κριθὲν
1700 644 1809 686 ἐκτε-

415 705 531 751 λεῖν,
571 699 642 742 δια
675 699 720 741 δὲ
749 697 829 754 τῆν
859 698 1013 741 α’νεσιν
1043 698 1117 740 καὶ
1147 697 1305 753 σχολην
1336 696 1616 752 εὐκαιροῦσι,
1656 700 1730 743 διὰ
1761 701 1808 744 δὲ

332 766 387 807 90
417 759 498 812 την
528 774 604 812 της
631 759 798 810 τροφῆς
828 755 1000 798 ένδειαν
1031 752 1400 824 ἀναγκαζομένοις
1423 761 1517 806 ταῖς
1538 756 1809 827 παραβόλοις

417 814 625 869 ἐγχειρεῖν
655 811 865 866 πράξεσι,
893 813 1054 868 συνέβη
1092 811 1199 867 ταχύ
1238 811 1319 867 τὴν
1357 815 1641 868 παρανομίαν
1671 812 1810 884 αὐξη-

412 868 658 926 θῆναι.τὸ
697 868 780 923 γὰρ
820 873 1002 939 πρῶτον
1041 869 1088 911 ἐν
1125 874 1217 919 τοῖς
1258 868 1618 923 ἐπιφανεστάτοις
1656 870 1811 922 τόποις

414 944 524 978 τους
551 925 650 970 καθ’
681 926 760 970 ἕνα
788 926 863 968 καὶ
892 923 976 969 δύο
1006 942 1083 976 τας
1113 924 1371 995 ὁδοιπορίας
1389 927 1688 978 ποιουμένους
1707 927 1810 984 ἐφό-

415 996 569 1029 νευον·
617 982 708 1027 εἶτα
739 982 808 1025 ἐπὶ
836 982 912 1033 τὰς
941 999 1030 1025 των
1061 981 1389 1052 ἀσθενεστέρων
1419 983 1622 1035 ἐπαύλεις
1648 985 1810 1035 νυκτὸς

332 1048 387 1092 95
418 1040 583 1096 ἀθρόοι
622 1041 928 1095 συντρέχοντες
968 1039 1153 1111 ἐξῄρουν
1191 1042 1282 1110 βία
1305 1038 1467 1091 ταύτας
1503 1041 1576 1084 καὶ
1606 1042 1682 1092 τὰς
1711 1041 1811 1096 κτή-

418 1111 507 1149 σεις
537 1099 777 1165 διηρπαζον
805 1097 880 1140 καὶ
908 1114 1012 1148 τους
1042 1095 1392 1152 ἀνθισταμένους
1423 1095 1634 1152 ἀνηρουν.
1666 1098 1733 1141 ἀεὶ
1763 1099 1811 1142 δὲ

417 1159 586 1211 μᾶλλον
613 1158 690 1209 τῆς
717 1152 877 1209 τόλμης
905 1153 1255 1223 προβαινούσης,
1297 1153 1399 1197 οὔτε
1435 1160 1527 1205 τοῖς
1557 1155 1812 1209 ὁδοιπόροις

416 1212 576 1261 νυκτὸς
596 1210 622 1267 ἡ
646 1213 825 1254 Σικελία
839 1209 1028 1280 βασιμος
1042 1214 1099 1268 ῆν
1122 1210 1223 1254 οὔτε
1242 1215 1335 1261 τοῖς
1364 1211 1433 1254 ἐπι
1455 1216 1539 1281 τῆς
1561 1210 1708 1282 χωρας
1733 1215 1811 1268 ζῆν

305 1280 387 1319 100
418 1268 624 1313 εἰωθόσιν
643 1267 881 1324 ἀσφαλῆς’
865 1285 935 1311 επι
947 1266 1144 1336 ταύτης-ἡ
1160 1266 1377 1326 διατριβή,
1401 1267 1545 1311 πάντα
1560 1269 1605 1312 δε
1625 1271 1722 1324 βίας
1738 1269 1813 1312 καὶ

418 1327 619 1395 λῃστείας
640 1326 714 1367 καὶ
733 1327 1031 1368 παντοδαπων
1051 1324 1207 1381 φόνων
1226 1327 1282 1381 ῆν
1303 1324 1450 1381 μεστά.
1472 1331 1563 1376 τοῖς
1586 1325 1632 1368 δὲ
1655 1329 1808 1396 νομεῦ-

418 1381 734 1437 σινάγραυλίας
762 1382 1051 1437 γεγενημένης
1081 1383 1156 1425 καὶ
1190 1394 1347 1451 σκευῆς
1378 1387 1709 1455 στρατιωτικῆς,
1742 1381 1812 1426 εὐ-

417 1439 574 1509 λόγως
590 1438 777 1489 ἅπαντες
806 1439 1137 1492 ἐνεπιμπλῶντο
1174 1441 1457 1494 φρονήματος
1492 1440 1565 1483 καὶ
1594 1441 1810 1493 θράσους.

417 1495 727 1551 περιφέροντες
767 1495 850 1548 γάρ
892 1494 1067 1548 ῥόπαλα
1104 1496 1180 1539 καὶ
1217 1495 1376 1564 λόγχας
1411 1497 1486 1539 καὶ
1527 1496 1814 1552 καλαύροπας

361 1560 387 1603 5
419 1552 674 1608 ἀξιολόγους
704 1553 776 1596 καὶ
809 1554 1001 1608 δέρματα
1030 1551 1179 1595 λύκων
1208 1551 1236 1608 ἢ
1266 1553 1473 1622 συάγρων
1501 1553 1816 1625 ἐσκεπασμένοι

416 1611 471 1654 τοὶ
501 1609 681 1663 σώματα
721 1609 1074 1679 καταπληκτικην
1105 1614 1222 1664 εἰχον
1261 1610 1341 1666 τῆν
1369 1608 1588 1663 πρόςοψιν
1627 1611 1700 1653 καὶ
1729 1625 1816 1653 πο-

418 1671 611 1721 λεμικῶν
643 1667 785 1721 έργων
823 1664 878 1709 ού
909 1665 1063 1720 πόρρω
1102 1665 1319 1721 κειμένην
1366 1683 1515 1710 κυνων
1544 1683 1588 1710 τε
1619 1665 1816 1722 ἀλκίμων

419 1725 645 1779 ἄθροισμα
673 1723 969 1778 συνεπόμενον
1000 1722 1164 1780 ἑκάστῳ
1194 1724 1269 1766 καὶ
1297 1728 1468 1780 τροφῆς
1498 1725 1571 1767 καὶ
1599 1705 1820 1779 γάλακτος

334 1792 388 1833 10
417 1783 492 1826 καὶ
522 1798 669 1849 κρεων
695 1780 1030 1838 παρακειμένων
1059 1785 1228 1849 πλῆθος
1259 1780 1461 1835 ἐξηγρίου
1491 1781 1569 1831 τάς
1597 1797 1642 1824 τε
1671 1780 1817 1836 ψυχας

416 1840 491 1884 καὶ
523 1838 576 1881 τα
607 1851 798 1892 σωματα.
832 1839 889 1893 ῆν
908 1839 991 1880 ουν
1012 1841 1132 1880 πᾶσα
1153 1835 1275 1907 χώρα
1303 1837 1434 1892 μεστῆ
1462 1836 1665 1892 καθάπερ
1690 1850 1818 1893 στρα-

416 1895 642 1951 τευμάτων
672 1894 1024 1948 διεσπαρμένων,
1068 1893 1127 1944 ὡς
1159 1911 1214 1936 αν
1243 1893 1330 1938 ὑπὸ
1362 1899 1439 1950 τῆς
1468 1911 1558 1937 των
1589 1897 1816 1938 δεσποτων

419 1954 657 2008 ἐπιτροπῆς
690 1956 771 1994 τοῦ
803 1950 1004 2005 θράσους
1033 1955 1122 1994 τῶν
1153 1950 1328 1994 δούλων
1355 1953 1737 2021 καθωπλισμένοι).
1773 1953 1819 1994 οἷ

420 2011 467 2054 δε
498 2009 732 2065 στρατηγοὶ
763 2006 952 2051 κωλύειν
981 2025 1060 2078 μεν
1091 2008 1346 2063 ἐπεχείρουν
1374 2008 1456 2063 τῆν
1488 2006 1707 2052 ἀπόνοιαν
1725 2025 1818 2052 των

336 2075 389 2117 15
421 2070 626 2115 οἰκετῶν,
660 2064 858 2118 κολαζειν
896 2066 942 2108 δὲ
981 2063 1037 2108 ου’
1076 2069 1320 2120 τολμωντες
1360 2066 1433 2109 διὰ
1472 2066 1554 2120 τῆν
1584 2065 1712 2121 ἰσχὺν
1741 2065 1818 2109 καὶ

417 2124 468 2168 τὸ
499 2124 635 2179 βάρος
665 2127 754 2165 τῶν
784 2125 1008 2166 δεσποτων
1031 2120 1330 2178 ἠναγκάζοντο
1351 2139 1563 2177 περιοραν
1583 2122 1664 2178 τήν
1687 2122 1819 2176 ἐπαρ-

418 2183 520 2253 χίαν
549 2179 884 2238 λῃστευομένην.
917 2181 961 2223 οί
988 2184 1184 2223 πλεῖστοι
1212 2180 1297 2234 γὰρ
1322 2184 1408 2222 τῶν
1428 2178 1656 2250 κτητόρων
1675 2181 1819 2230 ἱππεῖς

419 2238 544 2288 ὄντες
583 2239 763 2287 ἐντελεῖς
792 2253 882 2279 των
916 2234 1167 2307 Ῥωμαίων,
1212 2237 1286 2280 καὶ
1315 2237 1459 2292 κριταὶ
1488 2241 1580 2288 τοῖς
1611 2235 1697 2284 ἀπὸ
1727 2240 1819 2280 τῶν

417 2295 640 2350 ἐπαρχιῶν
662 2292 1070 2364 κατηγορουμένοις
1101 2299 1359 2350 στρατηγοῖς
1386 2292 1640 2351 γινόμενοι,
1685 2297 1819 2352 φοβε-

336 2359 392 2400 20
422 2353 496 2409 ροὶ
524 2356 619 2402 ταῖς
649 2349 802 2406 αρχαῖς
829 2350 1046 2407 υπῆρχον.

521 2441 621 2486 ’Ότι
653 2443 696 2485 οἷ
724 2442 823 2494 περὶ
850 2440 929 2492 τάς
964 2443 1178 2497 γεωργίας
1207 2439 1529 2512 ἀσχολούμενοι
1557 2443 1649 2486 τῶν
1673 2440 1820 2485 Ἰταλι-

419 2517 511 2545 κων
540 2504 818 2556 παμπληθεῖς
857 2498 1027 2550 οἰκέτας
1067 2498 1316 2570 ωνούμενοι
1354 2499 1428 2542 καὶ
1465 2513 1633 2550 παντας
1664 2515 1821 2555 χαρατ-

420 2573 570 2609 τοντες
595 2561 687 2607 τοῖς
712 2558 917 2612 στίγμασι
943 2557 1114 2612 τροφὰς
1146 2556 1227 2613 μὲν
1258 2554 1339 2613 οὐχ
1365 2554 1522 2608 ἱκανοὶς
1544 2558 1821 2613 παρείχοντο,

515 2705 676 2740 59912.
702 2702 1012 2758 καθωπλισμένον
1039 2705 1196 2739 Valesius
1206 2731 1216 2747 ,
1249 2703 1567 2761 καθωπλισμένων
1592 2706 1619 2737 V
1762 2702 1819 2737 18.

424 2748 500 2788 ἀπὸ
512 2754 554 2832 ]V
562 2756 716 2797 praestat
743 2752 890 2786 fortasse
922 2747 996 2786 ὑπὸ
1149 2752 1206 2786 19.
1237 2749 1430 2797 γινόμενοι
1461 2751 1639 2794 Valesius,
1671 2747 1822 2811 γινομέ-

422 2811 503 2840 νοις
