1968 3346
15 1075 32 1109 13

119 199 417 247 EXGERPTA
437 198 509 240 DE
532 195 683 240 VIRT.
711 194 788 239 ET
818 193 931 237 VIT.
962 194 1009 235 L.
1037 193 1240 236 XXXVII
1242 194 1396 236 M—XL
1428 195 1511 239 157

217 310 317 355 ’Ὅτι
355 309 556 355 καθόλου
592 306 704 352 κατα
733 305 815 377 τήν
852 307 1103 376 ναυμαχίαν
1137 305 1256 362 παρὰ
1292 310 1387 359 τοῖς
1419 306 1510 353 ‘Po-

118 371 232 420 δίοις
261 368 377 424 πλὴν
404 371 483 411 τοῦ
513 364 716 421 πλήθους
743 381 797 407 τα
835 363 967 407 λοιποὶ
1005 363 1149 406 πάντα
1177 363 1367 419 μεγάλας
1398 363 1510 421 εἶχεν

116 425 363 482 υπεροχάς,
404 425 527 492 τέχνη
557 424 863 490 κυβερνητῶν,
894 419 1015 472 τάξις
1044 423 1131 463 τῶν
1160 425 1307 475 νηῶν,
1348 421 1509 477 ἐρετῶν
1538 430 1595 471 80

117 484 341 538 ἐμπειρία,
381 479 588 534 δυνάμεις
626 477 875 547 ἡγεμόνων,
922 476 1141 532 ἐπιβατῶν
1178 476 1349 548 ἀρεταί·
1391 479 1512 534 παρὰ

119 542 167 584 δὲ
206 545 295 591 τοῖς
336 537 622 588 Καππάδοξιν
665 534 864 591 ὑπῆρχον
902 534 1094 589 άπειρίαι
1129 535 1204 578 καὶ
1242 531 1512 590 άγυμνασίαι

116 597 193 641 καὶ
222 595 249 652 ἡ
278 595 456 639 πάντων
486 597 575 636 τῶν
615 596 765 636 κακῶν
792 593 1023 645 παραίτιος
1053 590 1219 643 ἀταξία.
1278 595 1511 650 προθυμία

116 654 197 710 μὲν
225 651 308 709 γάρ
342 650 425 695 οὐκ
455 650 676 694 ἐλείποντο
704 652 793 692 τῶν
818 647 1019 698 Ροδίων,
1050 648 1106 699 ὡς
1138 648 1192 691 ἂν
1222 647 1391 703 ἔχοντες
1420 651 1509 693 ἐπί-

115 722 287 754 σκοπον
314 709 387 752 καὶ
416 706 580 763 θεατὴν
608 710 697 750 τῶν
726 704 949 775 κινδύνων
978 704 1056 748 τὸν
1086 705 1279 775 βασιλέα,
1307 707 1381 751 καὶ
1410 707 1505 750 τού·
1536 714 1593 757 85

113 784 174 836 τῳ
217 765 478 816 σπεύδοντες
515 765 824 808 ἐνδείκνυσθαι
861 762 942 818 τὴν
979 760 1090 816 πρὸς
1130 760 1267 806 αὐτὸν
1299 761 1503 807 εὔνοιαν·

112 822 238 893 μόνῳ
266 823 312 866 δὲ
340 821 621 878 υπερέχοντες
648 824 708 877 τῷ
735 818 893 875 πλήθει
915 823 1004 862 τῶν
1033 823 1230 891 σκαφῶν,
1246 821 1507 891 περιεχέον-

112 897 162 924 το
192 880 269 930 τὰς
298 881 506 936 πολεμίας
543 881 653 930 ναῦς
683 877 756 922 καὶ
797 880 1064 930 κυκλουντες
1104 877 1164 930 εἰς
1203 893 1253 936 με
1237 876 1339 921 έσον
1371 876 1506 930 αὐτάς

111 935 442 1007 ἀπελάμβανον

212 993 311 1037 ΓΌτι
350 993 483 1044 Γάὶος
501 991 700 1063 Μάριος
737 996 827 1037 τῶν
866 990 1120 1048 ἀνθρώπων
1157 991 1500 1065 ἐπιφανέστατος
1530 1002 1587 1042 90

109 1050 322 1107 γεγονώς,
360 1050 430 1093 ἐπὶ
467 1049 547 1106 μὲν
584 1068 662 1121 της
689 1051 902 1123 νεότητος
922 1050 1134 1107 ἐζηλωσεν
1161 1049 1501 1122 άφιλαργυρίαν,

110 1112 200 1151 τῶν
229 1111 379 1151 καλῶν
406 1107 545 1163 ἔργων
577 1107 792 1178 ὀρεχθείς,
833 1108 906 1152 καὶ
938 1108 1127 1176 μεγάλας
1156 1107 1331 1162 πράξεις
1362 1107 1430 1151 ἐπί
1456 1124 1501 1151 τε

108 1169 187 1220 τῆς
213 1163 383 1234 Λιβύης
412 1165 485 1207 καὶ
515 1168 591 1234 τῆς
621 1163 843 1238 Εὐρώπης
870 1163 1250 1233 κατεργασάμενος
1288 1180 1503 1218 περιεποι-

107 1221 247 1278 η’σατο
278 1221 358 1290 την
387 1220 664 1294 περιβόητον
682 1221 943 1292 ἐπιφάνειάν
972 1239 1017 1265 τε
1045 1222 1118 1265 καὶ
1149 1220 1295 1274 δόξαν.
1355 1222 1422 1266 ἐπὶ
1453 1222 1500 1265 δε
1530 1227 1586 1270 95

108 1282 194 1322 τοῦ
232 1278 415 1335 ἐσχάτου
459 1296 605 1334 γηρως
648 1278 923 1350 ἐπιθυμήσας
964 1277 1044 1323 τόν
1082 1277 1374 1351 Μιθριδάτου
1419 1282 1502 1321 τοῦ

109 1336 320 1406 βασιλέως
358 1339 553 1380 πλοῦτον
582 1337 657 1379 καὶ
663 1354 766 1406 την
795 1337 843 1380 ἐν
875 1341 969 1387 ταῖς
999 1353 1109 1379 κατα
1138 1335 1218 1391 τὴν
1243 1334 1393 1380 Ἀσίαν
1424 1335 1502 1379 πό-

107 1397 229 1436 λεσιν
268 1391 486 1447 εὐπορίαν
527 1394 586 1444 εἰς
626 1393 706 1437 τὸν
756 1395 876 1437 ἴδιον
923 1398 1202 1461 μετενεγκεῖν
1234 1395 1360 1448 βίον,
1409 1397 1503 1444 τοῖς

109 1448 229 1501 ὅλοις
258 1451 441 1501 ἐ’,πταισε
472 1451 547 1494 καὶ
576 1454 656 1494 τοῦ
687 1450 839 1494 Σύλλα
866 1452 1119 1506 Κορνηλίου
1152 1466 1234 1506 την
1264 1449 1503 1518 δεδομένην

107 1506 320 1562 ἐπαρχίαν
349 1506 708 1577 παραιρούμενος
725 1507 1007 1562 παρανόμως,
1037 1525 1089 1562 τῃ
1119 1519 1403 1577 προςηκουσῃ
1427 1523 1498 1550 πε·
1531 1513 1615 1553 100

110 1564 280 1617 ριέπεσε
313 1568 533 1622 συμφορᾷ.
567 1563 622 1607 ού
655 1563 793 1619 μόνον
823 1564 869 1608 δὲ
897 1565 978 1608 τόν
1007 1563 1255 1634 ἐπιθυμηθέ
1258 1581 1340 1606 ντα
1368 1567 1503 1607 πλοῦ-

65 1625 186 1663 14τον
216 1619 300 1664 οὐκ
329 1609 507 1676 ἔλαβεν,
551 1619 659 1664 ἄλλα
697 1638 772 1664 και
808 1621 891 1676 τὴν
931 1622 1051 1664 ἰδίαν
1090 1620 1250 1664 οὐσίαν
1289 1620 1503 1675 προςαπέ-

107 1681 236 1734 βαλε,
293 1679 585 1746 δημευθείσης
635 1676 774 1722 αὐτοῦ
813 1682 889 1734 τῆς
927 1678 1155 1747 ὑπάρξεως
1196 1676 1268 1720 δια
1305 1677 1387 1734 τὴν
1426 1681 1503 1734 τῆς

105 1735 358 1786 πλεονεξίας
385 1734 647 1806 υπερβολήν.
695 1736 1022 1790 καταγνωσθεὶς
1052 1735 1097 1777 δὲ
1126 1733 1215 1777 ὑπὸ
1244 1738 1322 1790 τῆς
1351 1737 1501 1788 πατρί-

107 1793 185 1842 δος
213 1791 413 1861 θανάτῳ,
445 1792 517 1834 καὶ
549 1791 727 1845 διαδρὰς
754 1809 836 1848 την
864 1793 1113 1846 παραυτίκα
1140 1793 1366 1847 τιμωρίαν,
1397 1790 1497 1848 ηλᾶ-
1527 1797 1555 1840 5

105 1864 155 1892 το
193 1849 302 1892 κατὰ
340 1865 421 1904 την
459 1847 610 1919 χώραν
647 1848 784 1903 μόνος
822 1847 1014 1904 φεύγων.
1057 1849 1131 1891 καὶ
1167 1848 1289 1900 τέλος
1329 1849 1497 1901 ἐξέπεσε

105 1908 181 1960 τῆς
211 1904 377 1961 Λιβύης
408 1907 466 1956 εἰς
495 1905 576 1960 τὴν
608 1908 840 1960 Νομαδίαν
871 1905 1080 1957 άδουλος,
1114 1904 1305 1958 ἄπορος,
1338 1906 1498 1962 ἔρημος

103 1966 243 2018 σφῶν.
297 1962 484 2016 ύστερον
515 1963 562 2006 δὲ
590 1966 666 2017 τῆς
691 1961 857 2018 Ῥώμης
887 1962 1160 2018 ἐμπεσούσης
1190 1966 1249 2013 εἰς
1277 1964 1498 2018 πολέμους

101 2019 357 2074 ἐμφυλίους,
392 2018 665 2089 συνεργήσας
683 2025 775 2071 τοῖς
804 2024 880 2075 τῆς
906 2022 1115 2075 πατρίδος
1144 2022 1378 2075 πολεμίοις,
1413 2019 1497 2064 οὐκ
1529 2025 1583 2066 10

100 2077 296 2132 ηρκέσθη
325 2093 383 2146 τῃ
410 2076 616 2133 καθόδῳ,
657 2075 849 2146 πόλεμον
880 2077 926 2120 δε
956 2076 1197 2128 ἐκκαύσας,
1241 2078 1314 2121 καὶ
1345 2094 1500 2133 τυχωυ

101 2134 310 2185 υπατείας
339 2133 387 2178 τὸ
416 2109 630 2189 εβδομον,
681 2132 764 2176 οὐκ
799 2133 1034 2189 ἐτόλμησεν
1065 2134 1126 2177 ἔτι
1159 2137 1236 2189 τῆς
1264 2133 1394 2190 τύχης
1425 2139 1499 2178 λα-

102 2194 199 2247 βεῖν
227 2197 405 2245 πεῖραν,
437 2191 746 2246 δεδιδαγμένος
776 2191 876 2245 περὶ
904 2195 980 2246 τῆς
1008 2188 1099 2234 κατ’
1132 2190 1271 2245 αὐτὴν
1301 2191 1499 2262 ἀβεβαιό-

101 2265 230 2304 τητος
258 2247 463 2303 μεγάλοις
494 2247 792 2304 συμπτώμασι.
846 2247 1160 2303 προορώμενος
1188 2248 1271 2304 γὰρ
1303 2249 1380 2291 τὸν
1411 2247 1497 2292 άπὸ

102 2309 186 2348 τοῦ
216 2306 366 2348 Σύλλα
395 2305 588 2360 πόλεμον
618 2305 962 2375 ἐπικρεμάμενον
998 2309 1051 2361 τῇ
1085 2304 1260 2361 Ῥώμῃ,
1289 2306 1497 2375 μετέστη-
1528 2310 1581 2353 15

104 2374 179 2406 σεν
208 2361 364 2404 εαυτὸν
398 2363 444 2405 ἐκ
473 2379 552 2406 του
584 2366 659 2419 ζῆν
680 2361 900 2412 εκουσίως.
932 2361 1164 2405 άπολιπων
1193 2363 1240 2406 δὲ
1273 2360 1407 2418 άρχας
1427 2379 1498 2418 με-

101 2418 239 2490 γάλας
259 2418 471 2488 πολέμων,
503 2421 639 2470 αἴτιος
664 2418 831 2473 ἐγένετο
860 2423 921 2476 τῶ
950 2436 994 2462 τε
1019 2421 1107 2489 υἱῷ
1135 2419 1209 2463 καὶ
1237 2436 1290 2476 τῃ
1319 2422 1495 2474 πατρίδι

101 2481 194 2519 τῶν
223 2474 414 2531 ἐσχάτων
441 2474 769 2532 ἀκληρημάτων.
812 2475 837 2520 ὁ
867 2493 948 2530 μεν
975 2476 1060 2530 γὰρ
1079 2465 1386 2532 ἀναγκασθεὶς
1416 2493 1493 2519 πο-

101 2537 248 2591 λεμεῖν
276 2538 370 2584 τοῖς
399 2534 613 2589 κρείττοσι
648 2533 939 2590 κατέστρεψεν
968 2532 1136 2591 ἀτυχῶς
1164 2533 1244 2578 τὸν
1270 2535 1371 2591 βίον
1391 2545 1494 2590 συμ-
1523 2542 1579 2582 20

99 2670 158 2706 99.
182 2667 489 2717 παραιρούμενος
509 2669 785 2716 wesselingius‚
806 2668 1111 2716 παραιτούμενος
1133 2670 1167 2705 V

192 2741 273 2777 614.
297 2741 330 2775 2.
357 2740 501 2785 αὐτοῦ]
530 2738 570 2776 δὲ
595 2738 715 2776 αὐτοῦ
739 2740 772 2773 V
830 2759 833 2771 ι
871 2740 906 2774 7.
931 2737 1093 2781 α’δονλος
1119 2737 1287 2774 Reiskius
1310 2740 1344 2772 et
1366 2738 1498 2772 Ruhn-

100 2786 224 2823 laenius
247 2788 291 2823 ad
315 2788 486 2821 vellelum
511 2787 827 2831 ρ.131.,δουλος
849 2788 879 2819 V
1017 2788 1052 2824 8.
1079 2785 1211 2833 σφων]
1240 2785 1363 2832 φιλων
1387 2785 1494 2820 Vale-

100 2833 172 2869 sius
310 2835 345 2871 9.
369 2835 559 2880 πολεμίοις
585 2833 763 2879 Valesius,
787 2832 963 2879 πολέμοις
987 2834 1018 2868 V
