1968 3346
390 231 441 261 lv
702 212 785 255 EX
814 213 866 255 A.
896 210 1027 254 MAII
1055 207 1475 254 PRAEFATIONE.

389 346 460 373 res
491 337 641 371 tamen
671 325 782 367 mihi
809 325 995 366 minime
1026 324 1157 366 dubia
1196 330 1276 364 est:
1315 336 1510 379 namque
1548 329 1648 365 ante
1680 323 1775 381 pri-

389 415 521 443 mum
557 398 840 454 superstitem
875 394 1065 437 Diodori
1101 394 1459 450 quaternionem,
1497 401 1671 450 partem
1700 394 1776 436 ali·

391 485 523 528 quam
550 467 734 510 Diodori
765 466 959 509 eiusdem
989 465 1184 507 extitisse
1205 464 1274 506 vel
1290 464 1395 505 inde
1418 472 1621 520 apparet,
1654 464 1775 520 quod

392 543 468 598 qui
497 538 672 597 ¹primus
710 543 924 593 superest,
967 538 1002 578 is
1042 550 1097 578 ex
1129 536 1320 592 abrupto
1358 533 1574 577 versiculo
1610 535 1774 591 incipit.

390 613 509 666 Ergo
543 610 653 651 alius
688 608 796 649 olim
821 606 908 648 suit
937 606 984 646 in
1005 607 1350 647 constantiniano
1379 605 1496 646 libro
1529 605 1774 660 quaternio,

391 697 472 724 sex
494 681 703 738 priorum
724 678 947 719 librorum
972 670 1177 734 excerpta
1208 678 1453 718 continens:
1485 691 1565 717 nos
1594 691 1699 720 vero
1728 676 1777 717 in

391 760 517 795 sexto
540 747 853 792 tantummodo
874 748 1086 788 iacturam
1108 745 1306 799 fecimus,
1334 747 1435 803 quia
1457 747 1629 804 priores
1649 746 1777 801 quin·

392 839 479 880 que
508 823 555 863 in
583 819 773 875 vulgatis
802 817 923 858 libris
944 817 1168 873 leguntur.
1215 818 1466 859 Diodorum
1487 817 1776 872 quadraginta

389 893 515 936 libris
546 890 793 949 generalem
823 888 1053 929 historiam
1085 903 1211 929 suam
1241 888 1501 939 absolvisse,
1534 902 1666 929 nemo
1699 886 1776 928 do-

393 973 488 1006 etus
517 964 710 1019 ignorat,
741 974 901 1015 nempe
932 958 984 999 ab
1015 957 1182 998 ultimis
1206 957 1391 999 humani
1415 958 1582 1014 generis
1605 972 1777 999 memo-

390 1035 465 1077 riis
498 1047 639 1089 usque
669 1031 723 1072 ad
754 1030 961 1085 gallicum
994 1028 1088 1084 (seu
1113 1025 1264 1085 potius
1290 1028 1433 1080 civile,
1464 1034 1516 1069 ut
1544 1035 1661 1069 recte
1679 1027 1777 1069 Sca-

390 1105 499 1160 liger
531 1100 793 1157 emendavit)
829 1099 929 1140 Iulii
955 1099 1146 1140 Caesaris
1177 1099 1364 1142 bellum.
1425 1099 1689 1151 Quindecim
1719 1113 1777 1141 ex

391 1176 459 1217 his
494 1179 753 1231 supersunt3
791 1184 972 1226 nempe,
1003 1177 1055 1211 ut
1085 1169 1199 1219 dixi,
1230 1185 1254 1211 a
1283 1170 1432 1226 primo
1468 1169 1523 1210 ad
1554 1170 1778 1225 quintum,

394 1253 435 1287 et
457 1246 510 1286 ab
535 1242 767 1285 undecimo
786 1256 926 1296 usque
946 1239 1001 1281 ad
1023 1239 1307 1295 vigesimum:
1339 1239 1618 1295 reliquorum
1640 1239 1778 1280 libro-

390 1331 497 1358 rum
526 1314 771 1369 fragmenta
799 1318 952 1352 extant
981 1327 1004 1352 a
1035 1310 1189 1351 criticis
1218 1310 1347 1352 variis
1370 1310 1568 1360 collecta,
1601 1308 1778 1365 eclogae

395 1386 557 1427 scilicet
578 1383 823 1425 ursinianae
855 1396 901 1422 ac
931 1381 1192 1430 valesianae3
1222 1381 1329 1422 item
1361 1380 1531 1436 eelogae
1551 1379 1597 1420 in
1622 1379 1778 1420 biblio·

395 1456 521 1497 theca
551 1454 699 1494 Photii
725 1453 953 1494 recitatae:
999 1459 1228 1507 praeterea
1255 1460 1400 1508 partes
1432 1452 1485 1493 ab
1516 1450 1776 1492 Hoeschelio

397 1527 555 1575 editaeg,
586 1532 685 1565 tum
715 1523 812 1564 illae
842 1536 947 1577 quas
968 1521 1182 1563 Eusebius
1212 1522 1258 1563 in
1287 1523 1625 1580 praeparatione
1653 1534 1778 1564 evan-

396 1598 531 1654 geliea
552 1595 628 1636 lib.
649 1594 702 1635 Π.
728 1600 766 1638 2.
802 1593 1099 1648 chronicoque
1122 1593 1185 1633 ed.
1208 1593 1387 1634 mediol.
1417 1594 1491 1635 lib.
1520 1592 1553 1633 I.
1583 1595 1650 1637 46.
1687 1607 1778 1634 ser-

396 1669 532 1717 vavit3
576 1668 730 1721 (quem
767 1664 918 1705 locum
958 1678 1014 1704 ex
1045 1662 1239 1704 chronici
1269 1664 1456 1705 editione
1483 1679 1580 1705 mea
1609 1662 1776 1705 medio-

395 1738 563 1780 lanensi
598 1736 741 1777 futuri
772 1735 958 1776 editores
991 1734 1045 1774 ad
1073 1734 1324 1776 Diodorum
1358 1735 1608 1791 augendum
1636 1743 1777 1776 trans-

393 1809 579 1863 ferent);
627 1808 734 1847 item
773 1821 879 1861 quas
921 1803 1150 1861 Syncellus
1190 1804 1323 1847 habet
1367 1806 1414 1846 in
1464 1805 1775 1862 chronologia3

393 1879 696 1935 fragmentum
735 1877 922 1932 denique
959 1876 1010 1917 de
1049 1875 1286 1917 Cleonnide
1326 1884 1368 1917 et
1406 1877 1683 1918 Aristomene
1720 1876 1774 1917 ab

393 1952 447 1992 H.
486 1949 708 2006 Stephano
739 1947 970 2002 vulgatum
1008 1945 1252 1989 ἀδέσποτον
1288 1947 1403 1988 inter
1441 1947 1663 2000 rhetores,
1701 1947 1775 1988 sed

395 2021 519 2075 quod
550 2019 720 2059 isaacus
748 2018 928 2058 Vossius
970 2017 1236 2059 admonente
1266 2018 1409 2060 codice
1446 2017 1682 2060 florentino
1721 2017 1775 2058 ad

393 2089 646 2130 Diodorum
687 2095 915 2129 auctorem
953 2095 1069 2129 recte
1108 2088 1282 2140 retulit,
1327 2088 1593 2143 suffragante
1628 2101 1775 2144 nuper

396 2174 529 2215 quem
561 2173 639 2214 ego
684 2158 772 2199 vidi
810 2158 953 2199 codice
984 2158 1178 2214 quodam
1207 2159 1418 2199 vaticano.
1477 2159 1594 2199 Haec
1626 2157 1775 2198 omnia

396 2237 439 2271 et
479 2229 653 2270 minora
699 2228 912 2284 quaedam
951 2228 1200 2284 fragmenta
1236 2228 1547 2283 Wesselingius
1585 2227 1776 2269 editione

396 2314 475 2341 sua
517 2299 781 2355 complexus
823 2306 907 2347 cst3
950 2300 1019 2340 eui
1054 2314 1171 2340 nunc
1212 2299 1430 2341 vaticanus
1461 2298 1774 2354 palimpsestus

395 2369 676 2427 praeclarum
725 2369 947 2411 enimvero
998 2380 1039 2410 et
1083 2369 1408 2425 amplissimum
1450 2369 1774 2410 incrementum

396 2440 659 2497 suppeditat.
717 2440 857 2480 Porro
884 2447 1039 2480 auctor
1069 2454 1169 2480 sum
1198 2440 1363 2481 futuris
1385 2439 1571 2480 Diodori
1600 2438 1775 2480 editori-

395 2508 500 2558 bus,
532 2516 583 2548 ut
613 2507 743 2550 huius
775 2509 971 2551 historici
1000 2510 1228 2566 reliquias,
1266 2523 1359 2550 non
1388 2517 1438 2550 ut
1462 2508 1774 2564 VVesselingius

400 2579 618 2627 disiectaS,
650 2578 721 2621 sed
754 2581 875 2636 quod.
903 2580 1004 2622 fecit
1032 2581 1077 2622 in
1105 2582 1246 2622 Dione
1273 2581 1525 2632 Reimarus,
1564 2579 1616 2621 ad
1647 2579 1774 2621 chro-

396 2647 619 2703 nologiam
652 2663 883 2705 unumque
917 2667 1081 2707 corpus
1117 2659 1337 2693 revocatas
1370 2660 1499 2707 atque
1529 2651 1770 2707 dispositaS,

398 2719 540 2775 aptius
567 2719 696 2760 edant
726 2727 768 2760 et
797 2720 1067 2762 laudabilius.
1129 2722 1477 2777 Chronologiam
1505 2721 1688 2764 Diodori
1718 2720 1771 2762 ad

394 2804 579 2832 romana
617 2797 823 2848 tempora
866 2803 1062 2834 exactam
1100 2793 1149 2834 in
1186 2793 1298 2835 ealce
1338 2792 1586 2849 eclogarum
1621 2790 1771 2848 posui,
