1968 3346
389 228 474 270 14⁰
681 223 980 268 EXGERPTA
1008 223 1296 268 VATICANA
1324 226 1373 267 L.
1399 226 1490 268 xl..
1517 213 1523 215 ’

385 337 489 390 περὶ
516 339 596 392 τῆς
624 337 946 393 βασιλείας.οἱ
985 337 1032 380 δὲ
1070 336 1411 407 ἐπιφανέστατοι
1445 338 1628 390 πλείους
1652 337 1777 390 ὄντες

386 398 477 436 τῶν
508 394 743 436 διακοσίων
773 406 1051 448 κατηντησαν
1081 393 1212 463 πρὸς
1222 393 1302 437 τόν
1331 392 1661 463 αὐτοκράτορα,
1699 397 1775 439 καὶ

385 448 668 506 ἀπεφήναντο
715 449 818 498 τούς
857 450 1109 504 προγόνους
1156 447 1305 494 αὐτῶν
1354 448 1656 507 ἀφεστηκότας
1691 456 1775 496 τοῦ

384 508 508 558 ἱεροῦ
532 506 902 562 πεπρεσβευκέναι
930 505 1040 560 πρὸς
1065 506 1150 577 τὴν
1181 506 1442 577 σύγκλητον,
1477 508 1551 551 καὶ
1571 514 1775 581 παρειλη-

355 563 518 631 5φέναι
545 563 624 619 τὴν
653 565 926 616 προστασίαν
956 567 1045 606 τῶν
1065 561 1291 606 Ἰουδαίων
1319 563 1568 617 ἐλευθέρων
1595 566 1670 608 καὶ
1699 564 1774 609 αὖ·

381 618 584 676 τονόμων
638 617 692 662 οὐ
744 619 955 676 βασιλέως
1005 622 1342 676 χρηματίζοντος
1393 618 1491 664 ἀλλ’
1540 619 1774 691 ἀρχιερέως

380 674 705 731 προεστηκότος
733 680 815 721 τοῦ
854 677 1026 727 ε’θνους.
1068 677 1255 727 τούτους
1293 677 1339 720 δὲ
1371 681 1455 719 νῦν
1487 676 1773 722 δυναστεύειν

377 738 537 777 καταλε
541 732 726 783 λυκότας
755 731 859 783 τοὺς
883 734 1103 787 πατρίους
1134 733 1303 802 νόμους
1341 734 1414 776 καὶ
1444 736 1772 779 καταδεδουλω-

379 795 487 832 σθαι
515 790 620 840 τούς
647 790 826 839 πολίτας
854 789 1035 840 αδίκως·
1067 788 1363 859 μισθοφόρων
1392 807 1476 845 γαρ
1507 790 1668 846 πλήθει
1695 792 1772 836 καὶ

322 848 542 898 1Οαίκίαις
571 846 646 889 καὶ
676 850 856 896 πολλοῖς
887 846 1046 902 φόνοις
1081 844 1251 916 ἀσεβέσι
1279 852 1651 916 περιπεποιῆσθαι
1688 865 1771 904 την

377 905 616 973 βασιλείαν.
659 901 683 946 6
715 903 762 947 δὲ
800 903 901 957 περὶ
931 919 1010 972 μεν
1045 906 1135 946 τῶν
1165 900 1530 973 αμφιςβητήσεων
1559 906 1621 956 εἰς
1649 905 1770 949 ὕστε-

378 976 458 1012 ρον
487 959 779 1016 υπερεβάλετο
821 959 1002 1013 καιρόν,
1048 961 1147 1016 περὶ
1187 960 1234 1003 δε
1269 964 1344 1016 τῆς
1371 963 1652 1028 παρανομίας
1678 965 1769 1005 τῶν

370 1015 601 1060 Ἰουδαίων
631 1017 706 1060 καὶ
734 1020 826 1060 τῶν
850 1017 910 1067 είς
923 1015 1168 1071 Ρωμαίους
1191 1014 1471 1087 αδικηματων
1491 1022 1660 1087 πικρῶς
1682 1018 1767 1061 έπι-

373 1073 561 1134 τιμήσας
589 1078 683 1122 τοῖς
712 1074 811 1126 περὶ
840 1072 919 1116 τὸν
939 1072 1155 1127 Ὑρκανὸν
1185 1071 1338 1124 α’ξίους
1357 1073 1437 1126 μὲν
1468 1072 1631 1126 αὐτους
1650 1075 1764 1144 ἔφη-

320 1138 453 1178 156εν
476 1147 587 1173 ειναι
616 1131 690 1172 καὶ
719 1132 917 1184 μείζονος
945 1131 1021 1174 καὶ
1049 1129 1308 1184 πικροτέρας
1335 1129 1615 1187 ἐπιστροφῆς,
1646 1130 1765 1201 ὅμως

374 1187 422 1230 δὲ
463 1187 535 1230 δια
572 1186 652 1242 τὴν
692 1186 880 1240 πάτριον
912 1185 1146 1229 ἐπιείκειαν
1182 1190 1272 1228 τῶν
1305 1186 1464 1230 Ρωιιαί
1466 1203 1553 1236 ων,
1599 1189 1637 1232 εἰ
1677 1185 1761 1253 απὸ

384 1247 468 1286 τοῦ
497 1247 583 1286 νῦν
612 1244 867 1294 πείθονται,
899 1242 1158 1298 συγγνώμης
1188 1240 1352 1292 αὐτούς
1380 1241 1575 1297 η’ξίωσεν.

486 1313 601 1354 XIX.
637 1310 736 1354 Ὀτι
766 1309 789 1355 ὁ
823 1309 1058 1380 Πομπήιος
1097 1327 1176 1360 τας
1205 1311 1320 1359 ἰδίας
1351 1307 1527 1363 πραξεις
1558 1309 1609 1360 ὃς
1639 1322 1761 1354 συνε-

370 1367 539 1413 τέλεσεν
577 1368 646 1411 έπὶ
686 1385 764 1438 της
790 1366 934 1417 Ἀσίας
974 1365 1234 1439 ἀναγράψας
1273 1365 1512 1437 ανέθηκεν,
1552 1368 1615 1410 ὠν
1644 1367 1761 1411 ἐστιν

311 1424 648 1494 2οαντίγραφον
684 1424 797 1468 τόδε.
849 1423 1081 1480 Πομπήιος
1121 1424 1292 1467 Γναίου
1327 1423 1424 1474 υίὸς
1448 1422 1605 1494 μέγας
1631 1421 1759 1467 αὐτο-

367 1482 548 1554 κράτωρ
587 1481 668 1538 τήν
703 1480 922 1535 παραλιον
962 1485 1039 1534 τῆς
1081 1480 1345 1550 οἰκουμένης
1387 1479 1462 1524 καὶ
1500 1479 1645 1530 πάσας
1681 1479 1828 1532 τάς129

366 1538 490 1589 ἐντὸς
515 1536 736 1582 ’.Ωκεανοῦ
771 1537 939 1594 νήσους
975 1535 1252 1592 ηλευθέρωσε
1280 1539 1362 1580 τοῦ
1398 1540 1654 1606 πειρατικοῦ
1683 1553 1760 1580 πο·
1790 1559 1794 1561 ·

364 1595 526 1652 λέμου,
562 1594 586 1638 ὁ
622 1593 870 1649 ρυσιὶμενός
901 1609 1007 1637 ποτε
1036 1592 1418 1664 πολιορκουμένην
1437 1592 1518 1662 τήν
1535 1591 1760 1663 Ἀριοβαρ-

367 1652 501 1705 {ch-ov
530 1653 782 1708 βασιλείαν,
825 1652 1072 1703 Γαλατίαν,
1115 1650 1176 1694 ε’τι
1215 1651 1291 1693 καὶ
1328 1648 1406 1699 τὰς
1443 1648 1760 1722 ὑπερκειμένας

304 1709 509 1765 25χώρας
548 1725 622 1751 και
659 1709 864 1764 ἐπαρχίας
887 1705 1059 1760 Ἀσίαν,
1101 1708 1345 1755 Βιθυνίαν,
1382 1704 1682 1760 υπερασπίσας
1713 1706 1759 1750 δὲ

361 1766 694 1838 Παφλαγονίαν
741 1781 786 1808 τε
832 1764 907 1807 καὶ
949 1763 1030 1807 τὸν
1068 1763 1265 1816 Πόντον,
1310 1761 1543 1818 Ἀρμενίαν
1591 1779 1636 1807 τε
1682 1763 1758 1806 καὶ

361 1821 560 1878 Ἀχαίαν,
600 1822 660 1864 έτι
692 1820 738 1864 δὲ
764 1819 979 1890 Ἰβηρίαν,
1010 1822 1223 1875 Κολχίδα,
1255 1820 1628 1874 ΛῙεσοποταμίαν,
1659 1823 1757 1862 Σω·

364 1879 538 1935 φηνήν,
577 1876 870 1949 Γορδυηνήν,
906 1876 1125 1928 ὑποτάξας
1168 1877 1214 1921 δε
1253 1875 1432 1949 βασιλέα
1461 1876 1638 1931 Μήδων
1665 1881 1753 1919 Δα-

366 1942 516 1988 ρεῖον,
548 1934 728 1992 βασιλέα
746 1934 968 2005 Ἀρτωληα
981 1931 1186 1990 Ἰβηρων,
1217 1933 1398 1989 βασιλέα
1415 1903 1756 1987 Ἀριστόβουλον

304 1990 612 2046 3οἸουδαίων,
652 1990 837 2048 βασιλέα
875 1988 1051 2047 Ἀρέταν
1087 1990 1358 2048 Ναβαταίων
1395 1988 1607 2047 [βασιλέα]
1633 1988 1755 2045 Ἀρα-

501 2105 581 2142 140.
608 2107 642 2142 3.
678 2104 839 2162 ἑαυτῶν]
865 2108 918 2140 Ita
943 2106 1020 2140 cod.
1045 2106 1141 2138 MAI.
1183 2103 1289 2146 Quod
1313 2103 1462 2138 correxi.

503 2153 582 2187 140-
607 2155 640 2188 3.
676 2149 944 2196 ἀφεστηκότας]
971 2151 1158 2207 legendum
1180 2146 1466 2193 προεστηκότας.

500 2199 580 2235 140.
607 2201 664 2233 22.
690 2198 941 2255 ἠλευθέρωσε]
967 2195 1212 2238 ἕλευθέρωσεν
1237 2196 1290 2228 ed.
1318 2196 1423 2229 Rom.

501 2244 580 2281 140.
604 2247 661 2279 29.
690 2241 885 2287 Ἀρτωληα]
912 2245 1072 2287 Appiano
1091 2243 1212 2276 Mithr
1234 2241 1313 2278 117.
1338 2248 1375 2276 et
1395 2240 1473 2274 aliis
1491 2246 1545 2276 est
1561 2234 1749 2286 Ἅρτιᾶκης.

487 2290 578 2328 140.
605 2292 663 2326 30.
697 2289 861 2338 βασιλέα]
887 2289 1086 2324 delendum.

449 2392 589 2428 1461.
633 2393 729 2437 Ergo
760 2391 797 2426 in
829 2389 1036 2436 quadrages
1027 2400 1098 2423 imo
1136 2388 1285 2432 ideoque
1315 2387 1440 2423 ultimo
1469 2386 1615 2421 Diodori
1652 2387 1747 2423 libro

356 2450 558 2474 versamur:
598 2438 634 2472 in
666 2440 734 2472 hac
758 2438 851 2471 enim
875 2437 1093 2470 extremitate
1123 2435 1255 2468 bellum
1278 2433 1439 2478 Pompeii
1461 2433 1640 2468 iudaicam
1664 2444 1748 2466 con-

357 2486 495 2519 clusum
519 2485 606 2526 fuit,
630 2485 728 2518 cuius
752 2483 935 2518 exordium
958 2492 1079 2526 reapse
1110 2480 1147 2514 in
1180 2480 1450 2525 quadragesimo
1481 2479 1572 2512 libro
1603 2480 1746 2524 legebat

352 2531 504 2567 ,Photius
528 2532 562 2564 in
586 2530 718 2575 eciogis
749 2531 803 2564 ed.
827 2530 910 2562 Wes
912 2530 971 2562 sei.
997 2527 1127 2572 2542.
1177 2528 1289 2560 Porro
1311 2525 1504 2559 Aristobuli
1527 2529 1563 2558 et
1585 2525 1745 2578 Hymni-ii

355 2576 643 2620 disceptationem
673 2587 792 2609 coram
824 2541 1018 2618 Pompeiop
1022 2555 1119 2617 'apud
1149 2574 1359 2606 Damascum
1400 2572 1590 2615 diligenter
1621 2570 1745 2604 scribit

351 2624 521 2667 Iosephus
545 2623 652 2666 antiq.
672 2622 761 2655 XIV.
787 2621 829 2662 53
853 2620 914 2664 qui
934 2624 1112 2662 tantopere
1129 2630 1209 2652 cum
1227 2618 1401 2658 Diodoro,
1422 2617 1452 2651 si
1478 2616 1592 2650 minus
1615 2616 1745 2658 verbis,

355 2674 448 2703 cei-te
471 2671 574 2702 rebus
599 2667 779 2712 congruit
815 2672 853 2700 ut
878 2667 980 2710 plane
1004 2667 1155 2699 dicerem
1179 2665 1369 2707 expilatam
1394 2674 1415 2697 a
1441 2663 1590 2705 Iosepho
1612 2661 1745 2697 Diodo-

353 2726 452 2755 rum,
491 2715 558 2748 nisi
589 2715 780 2748 arbitrarer
813 2713 978 2746 iudaeum
1009 2711 1189 2744 hominem
1221 2722 1276 2743 res
1299 2721 1378 2742 suas
1408 2709 1554 2753 gentiles
1577 2719 1599 2741 a
1622 2708 1742 2741 dome·

351 2761 446 2796 sticis
458 2761 573 2804 potiuq
590 2759 824 2794 monumentis
840 2769 946 2802 quam
963 2758 1007 2791 ab
1023 2756 1171 2791 externis
1186 2755 1364 2790 historicis
1381 2754 1620 2796 desumpsisse.
1639 2754 1739 2787 MAI.

444 2807 525 2842 140.
549 2807 606 2840 27.
639 2807 693 2839 En
716 2806 854 2839 Achaia
885 2815 952 2837 non
984 2804 1099 2836 solum
1129 2803 1232 2844 urbs,
1265 2812 1388 2834 verum
1422 2801 1528 2833 etiam
1558 2798 1741 2842 provincia

352 2856 422 2896 est,
446 2864 552 2898 quam
577 2863 651 2888 rem
670 2852 763 2887 haud
780 2851 855 2888 scio
873 2862 918 2885 an
941 2849 1026 2886 satis
1045 2849 1166 2884 innuat
1182 2848 1380 2892 Stephanus
1399 2847 1445 2893 b)
1448 2845 1617 2881 zantinus.
1641 2845 1739 2880 MM.
