1968 3346
133 751 241 798 ΕΚ
268 749 405 797 ΤΟΥ
427 740 546 796 ΛΖ’
583 744 729 798 ΚΑΙ
751 740 833 793 Η’
866 742 1010 793 ΚΑΙ
1038 741 1196 793 ΤΩΝ
1211 746 1520 795 ΕΦΕΞΗΣ.

230 921 331 967 ’Ότι
370 917 451 967 τὸν
485 919 726 992 Μαρσικὸν
763 914 1070 990 ὀνομασθέντα
1098 916 1295 977 πόλεμον
1331 919 1403 967 ἐπὶ
1443 929 1520 981 τῆς
1579 932 1600 970 l

131 979 272 1026 αὑτοῦ
299 980 470 1050 ἡλικίας
507 978 739 1049 Διόδωρος
772 980 949 1048 μείζονα
986 976 1166 1022 πάντων
1204 982 1292 1022 τῶν
1318 996 1526 1051 προγεγο-

128 1037 274 1082 νότων
312 1035 614 1106 ἀποφαίνεται.
659 1033 922 1090 ὠνομάσθαι
964 1034 1011 1077 δέ
1027 1046 1160 1106 φησι
1198 1038 1437 1091 Μαρσικὸν
1478 1039 1526 1083 ἐκ

127 1099 218 1138 τῶν
247 1092 474 1147 ἀρξάντων
502 1097 578 1148 τῆς
606 1089 908 1142 ἀποστάσεως,
949 1090 1039 1134 ἐπεὶ
1071 1090 1318 1146 σύμπαντές
1345 1110 1394 1151 γε
1423 1094 1526 1139 ’-Ιτα

127 1151 200 1194 λοὶ
229 1151 339 1194 κατὰ
360 1149 596 1205 Ρωμαίων
618 1152 782 1192 τοῦτον
803 1149 1034 1203 ἐξήνεγκαν
1048 1148 1126 1190 τὸν
1146 1147 1349 1204 πόλεμον
1382 1153 1527 1196 αἰτίαν

128 1207 176 1251 δὲ
213 1207 393 1263 πρώτην
431 1206 639 1277 γενέσθαι
676 1209 769 1248 τοῦ
801 1205 994 1260 πολέμου
1030 1204 1080 1247 τό
1125 1213 1380 1275 μεταπεσεῖν
1421 1210 1525 1261 τοὺς
1551 1219 1605 1260 95

123 1261 372 1319 Ῥωμαίους
409 1262 495 1306 ἀπὸ
536 1266 613 1317 τῆς
650 1260 864 1305 εὐτάκτου
894 1261 968 1305 καὶ
1001 1263 1123 1329 λιτῆς
1151 1260 1321 1320 ἀγωγῆς
1357 1265 1431 1308 καὶ
1461 1267 1523 1322 ἐγ-

126 1324 338 1374 κρατοῦς,
381 1317 435 1362 δι’
474 1321 526 1376 ἦς
567 1318 636 1362 ἐπὶ
666 1322 884 1361 τοσοῦτον
911 1316 1189 1387 ηὐξήθησαν,
1229 1321 1290 1371 εἷς
1319 1319 1525 1377 ὀλέθριον

129 1381 258 1433 ζῆλον
286 1380 459 1444 τρυφῆς
487 1375 562 1419 καὶ
583 1375 829 1425 ἀκολασίας.
861 1373 908 1417 ἐκ
932 1374 1017 1430 γὰρ
1047 1378 1122 1444 τῆς
1143 1377 1395 1446 διαφθοράς
1422 1381 1522 1424 ταί.

126 1451 204 1505 της
244 1432 560 1482 στασιάσαντος
597 1434 680 1475 τοῦ
719 1433 958 1486 δημοτικοῦ
992 1429 1106 1484 πρὸς
1140 1432 1220 1503 τὴν
1263 1433 1520 1507 σύγκλητον,

127 1495 220 1533 εἰτα
248 1489 415 1561 ἐκείνης
430 1487 806 1558 ἐπικαλεσαμένης
835 1488 939 1538 τοὺς
968 1487 1016 1530 ἐκ
1044 1491 1122 1542 τῆς
1145 1486 1324 1541 Ἰταλίας
1353 1492 1521 1538 ἐπικου-
1553 1505 1632 1544 100

126 1550 282 1603 ρῆσαι
313 1547 384 1590 καὶ
414 1545 715 1615 υποσχομένης
744 1549 818 1598 τῆς
838 1542 1143 1596 πολυεράστου
1156 1544 1414 1617 Ῥωμαικῆς
1442 1567 1518 1594 πο-

126 1605 284 1653 λιτείας
321 1605 586 1658 μεταδοῦναι
621 1602 696 1644 καὶ
730 1600 852 1668 νόμῳ
883 1604 1104 1670 κυρῶσαι,
1153 1600 1241 1645 ἐπεὶ
1271 1603 1403 1648 οὐδὲν
1430 1624 1520 1651 των

66 1657 69 1719 2
126 1658 437 1726 υπεσχημένων
477 1663 570 1708 τοῖς
604 1655 865 1707 Ἰταλιώταις
899 1656 1091 1711 ἐγένετο,
1132 1656 1157 1700 ὁ
1198 1659 1241 1710 ἐξ
1271 1656 1421 1706 αὐτων
1448 1663 1524 1708 πό-

68 1762 69 1770 ¹
122 1720 257 1786 λεμος
301 1715 412 1768 πρὸς
453 1713 704 1768 “Ρωμαίους
749 1712 986 1768 ἐξεκαύθη,
1037 1712 1347 1760 ὑπατευόντων
1385 1719 1434 1763 ἐν
1466 1739 1519 1778 τῃ

69 1812 70 1815 ,
122 1770 273 1844 ΣΡώμῃ
302 1771 495 1814 Λευκίου
525 1769 723 1824 Μάρκου
752 1772 974 1812 Φιλίππου
1013 1770 1088 1813 καὶ
1116 1771 1284 1822 Σέξτου
1310 1765 1521 1820 Ἰουλίου·

124 1825 362 1898 Ὀλυμπιας
398 1825 446 1870 δ’
469 1826 599 1896 ἢχθη
632 1825 843 1881 [δευτέρα]
889 1825 1001 1880 πρὸς
1030 1830 1125 1877 ταῖς
1155 1827 1311 1873 ἐκατὸν
1339 1831 1523 1901 ἐβδομή-

124 1898 275 1928 κοντα.
314 1883 361 1927 ἐν
403 1881 545 1940 τούτῳ
597 1887 659 1939 τῷ
685 1883 871 1952 πολέμῳ
917 1884 1093 1926 ποικίλα
1143 1886 1217 1928 καὶ
1264 1889 1523 1944 πολύτροπα

123 1940 247 2010 πάθη
284 1941 358 1983 καὶ
393 1928 566 1983 πόλεων
605 1928 786 1990 ἁλώσεις
826 1938 946 1981 ἑκατε
930 1942 1035 2008 ἑρῳ
1053 1939 1174 1994 μέρει
1202 1959 1292 1986 των
1324 1946 1521 1992 διαπολε-

122 1998 355 2069 μησάντων
385 1997 568 2052 συνέβη,
599 1996 887 2050 ταλαντευομέ
871 2011 970 2067 ενης
1009 1995 1147 2051 ω’ςπερ
1179 1997 1372 2056 ἐπίτηδες
1400 2005 1522 2073 παρὰ
1554 2015 1605 2054 10

124 2055 256 2124 μέρος
283 2057 359 2109 τῆς
376 2054 511 2126 νίκης
540 2051 615 2096 καὶ
643 2052 895 2108 μηδετέροις
925 2054 972 2095 ἐν
1011 2055 1176 2123 βεβαίῳ
1207 2057 1519 2130 διαμενούσης·
1509 2074 1526 2087 ··

127 2109 243 2166 ὅμως
286 2109 471 2164 άπείρου
513 2109 712 2164 πλήθους
759 2109 1029 2163 ἑκατέρωθεν
1067 2109 1278 2164 πεσόντος
1327 2113 1408 2167 ὀψὲ
1448 2119 1522 2163 καὶ

124 2167 251 2222 μόλις
279 2166 514 2221 Ρωμαιόις
553 2166 765 2221 ἐξενίκησε
802 2167 1103 2237 βεβαιωθῆναι
1141 2167 1189 2211 τὸ
1220 2169 1392 2226 κράτος.
1422 2174 1521 2219 ἐπο-

124 2224 288 2279 λέμουν
328 2223 374 2266 δὲ
408 2224 646 2278 Ρωμαίοις
694 2226 932 2275 Σαυνῖται,
967 2221 1243 2279 Ἄσκολανοί,
1281 2231 1519 2282 Λευκανοί,

126 2280 410 2340 Πικεντηνοί,
450 2280 678 2331 Νωλανοί,
716 2279 789 2322 καὶ
829 2279 970 2333 ἕτεραι
1008 2280 1156 2332 πόλεις
1192 2283 1267 2327 καὶ
1297 2284 1433 2355 ἐῖθνη,
1473 2288 1522 2332 ἐν
1554 2294 1607 2335 15

128 2340 194 2388 οἱς
225 2335 513 2407 ἐπισημοτάτη
543 2337 618 2379 καὶ
658 2338 832 2407 μεγίστη
872 2337 946 2380 καὶ
978 2336 1107 2394 κοινὴ
1136 2336 1263 2399 πόλις
1292 2339 1392 2394 άρτι
1422 2355 1524 2388 συν-

125 2393 395 2462 τετελεσμένη
428 2398 520 2443 τοῖς
553 2391 813 2443 Ἰταλιώταις
850 2393 900 2435 τὸ
938 2395 1189 2463 Κορφίνιον
1215 2399 1292 2466 ἠν,
1331 2398 1380 2442 ἐν
1411 2402 1440 2458 ᾑ
1470 2400 1524 2445 τά

125 2466 171 2492 τε
201 2449 310 2492 ἄλλα
338 2448 420 2493 ὅσα
458 2447 649 2506 μεγάλην
686 2448 815 2493 πόλιν
843 2449 918 2493 καὶ
957 2447 1096 2507 άρχην
1124 2451 1395 2507 κρατύνουσι
1423 2468 1524 2503 συν-

1578 1728 1605 1768 ϋι

127 2580 263 2628 αὖτοῦ]
290 2580 404 2629 αὐτῆς
427 2583 458 2618 Α
618 2582 769 2618 πάντων
791 2585 844 2626 Β,
879 2585 1007 2620 caeteri
1032 2584 1208 2623 ἁπάντων
1347 2591 1404 2628 91,
1429 2605 1523 2637 φησι

126 2632 177 2672 Α,
210 2631 339 2664 caeteri
364 2641 457 2674 φασι
614 2631 673 2665 96.
707 2626 751 2674 ἧς
783 2633 812 2665 Α
844 2632 976 2672 Amst.⁹
1011 2635 1138 2668 caeteri
1172 2630 1217 2680 ἧς
1248 2633 1316 2679 μὲν
1463 2640 1521 2674 98,

128 2679 347 2721 διαφθορᾶς
378 2678 409 2710 Α
441 2675 569 2719 Amst„
609 2679 739 2711 caeteri
775 2678 963 2721 διαφορᾶς
1131 2680 1162 2715 5
1202 2683 1382 2726 Μαρκίου
1417 2685 1523 2720 Wes-

129 2723 298 2768 selingius
328 2726 406 2768 post
438 2723 679 2767 Scaligerum.
712 2724 795 2757 libri
820 2722 983 2766 Mdpnov
1145 2728 1286 2770 Σέξτου
1310 2731 1360 2771 A,
1395 2732 1525 2767 caeteri

134 2768 297 2812 Σέξστου
413 2768 446 2803 6.
473 2769 624 2811 δευτέρα
647 2769 779 2803 addidit
803 2770 966 2815 Scaliger
1072 2771 1129 2807 14.
1157 2756 1382 2820 Ἀσκολανάὶ]
1405 2774 1525 2813 'Auunc-

133 2817 242 2850 λανοὶ
266 2816 297 2849 Α
434 2813 492 2849 15.
527 2815 748 2859 Πικεντηνοὶ
772 2817 821 2852 Β.
847 2797 976 2850 caeteri
1006 2818 1217 2854 Πικεντινοὶ
1356 2824 1411 2858 17-
1437 2822 1476 2860 ἐν
1501 2819 1527 2873 ᾗ

132 2873 203 2899 om.
227 2862 337 2898 Amet.
490 2860 547 2896 19.
575 2860 857 2907 συνεστήσαντο]
885 2873 1129 2908 συνεστησατο
1153 2868 1235 2899 Am„
1226 2870 1261 2899 t.

1177 2915 1249 2953 5⁸
