1968 3346
413 254 499 295 100
573 246 874 290 EXCERPTA
903 246 1194 290 VATICANA
1219 247 1269 290 L.
1291 246 1446 290 XXXI.
1474 248 1649 291 XXXII.

413 363 534 417 τρῶν
565 358 820 429 θεραπείαις
846 356 1181 412 ὑπακούσαντες
1217 359 1354 428 μηδὲν
1392 359 1564 432 βέλτιον
1593 356 1806 404 ἀπαλλάτ-

414 429 565 470 τουσι,
597 414 954 486 καταφεύγουσιν
982 416 1052 459 ἐπὶ
1079 415 1184 468 τούς
1202 416 1344 467 θύτας
1365 415 1439 459 καὶ
1461 417 1662 472 μάντεις,
1695 417 1806 461 ἔνιοι

416 475 464 519 δὲ
502 473 817 543 προςδὲχονται
853 488 931 523 τας
971 472 1143 543 ἐπῳδάς
1182 473 1256 517 καὶ
1292 473 1554 516 παντοδαποὶ
1591 474 1694 530 γένη
1735 487 1807 517 πε-

417 531 636 601 ριάπτων,
679 530 755 573 καὶ
779 528 940 573 Ῥόδιοι
969 528 1233 600 παραλόγως
1273 529 1320 573 ἐν
1349 528 1510 580 πάσαις
1538 535 1633 581 ταῖς
1662 531 1807 600 ἐπιβο-

388 593 515 639 5λαῖς
549 586 869 637 αποπίπτοντες
909 587 969 636 εἰς
1005 585 1081 638 τὰς
1119 585 1206 630 ἀπὸ
1242 589 1332 629 τῶν
1369 586 1807 658 καταφρονουμένων

417 645 626 702 βοηθείας
656 643 947 713 κατέφευγον
957 643 1033 685 καὶ
1067 641 1238 687 τοιαῦτ’
1269 643 1482 696 ἔπραττον
1512 643 1553 694 ἐξ
1585 659 1650 686 ων
1677 659 1808 686 κατα·

416 705 618 758 γε’λαστοι
645 715 766 756 παρα
795 704 888 770 τοῖς
919 696 1069 751 ἄλλοις
1099 700 1277 757 ἔμελλον
1310 699 1721 756 ὑποληφθήσεσθαι.

517 779 620 823 Ὀτι
660 776 740 848 οὐχ
777 776 804 834 ἡ
842 778 1089 834 κατασκευή
1131 779 1204 822 καὶ
1242 777 1292 822 τὸ
1333 778 1519 834 μέγεθος
1557 781 1649 822 τῶν
1687 793 1810 835 νηων

419 833 519 880 αλλ’
560 835 588 893 ἡ
628 834 766 890 τόλμα
812 835 885 878 καὶ
923 852 1012 879 των
1050 835 1462 893 άνδραγαθούντων
1501 836 1722 893 ἐπιβατῶν
1763 836 1810 878 αἱ

364 899 557 950 ῙΟχεῖρες
585 893 971 948 καταγωνίζονται

532 1007 585 1049 V.
618 1004 719 1049 ’Ὅτι
748 1003 1048 1060 Καρχηδόνιοι
1073 1003 1396 1076 πολεμήσαντες
1423 1003 1535 1059 πρὸς
1565 1002 1810 1049 Μασανάσ-

420 1074 502 1120 σην
524 1063 679 1115 ἔδοξαν
699 1062 960 1106 καταλελυκέ
965 1079 1038 1105 ναι
1066 1079 1143 1113 τας
1174 1062 1287 1131 πρὸς
1304 1061 1547 1116 Ρωμαίους
1571 1062 1811 1132 συνθήκας.

420 1118 806 1190 πρεσβευσάντων
827 1118 873 1162 δὲ
915 1117 1062 1161 αὐτῶν
1086 1117 1335 1189 απόκρισιν
1376 1120 1547 1163 ε’δωκαν
1585 1117 1745 1162 εἰδέναι
1785 1116 1811 1161 ὃ

423 1179 490 1220 δεῖ
516 1176 738 1247 γενέσθαι
780 1173 930 1230 ἀσαφῆ
969 1175 1015 1218 δὲ
1045 1192 1126 1230 την
1164 1175 1398 1229 ἀπόκρισιν
1437 1192 1481 1219 οι
1509 1174 1812 1232 Καρχηδόνιοι

369 1232 633 1290 15λαβόντες
660 1233 708 1276 ἐν
737 1232 900 1288 μεγάλῃ
930 1236 1099 1288 ταραχή
1128 1230 1341 1288 υπῆρχον.

525 1310 625 1355 Ὀτι
665 1313 709 1354 οἱ
746 1310 822 1361 τὰς
860 1309 1095 1381 ἡγεμονίας
1133 1311 1506 1367 περιποιήσασθαι
1547 1308 1813 1380 βουλόμενοι

422 1370 612 1414 κτῶνται
650 1368 744 1435 μὲν
767 1366 903 1417 αὐτας
934 1366 1114 1438 ἀνδρείᾳ
1148 1369 1221 1411 καὶ
1251 1369 1448 1416 συνέσει,
1488 1367 1599 1422 πρὸς
1630 1366 1812 1436 αὔξησιν

425 1426 472 1469 δὲ
508 1425 699 1495 μεγάλην
728 1421 913 1494 ἄγουσιν
952 1423 1159 1467 ἐπιεικεία
1188 1442 1261 1468 και
1292 1416 1649 1495 φιλανθρωπίᾳ,
1671 1421 1814 1477 ἄσφα-

425 1484 615 1535 λίζονται
645 1481 690 1524 δὲ
722 1479 850 1537 φόβῳ
890 1482 965 1523 καὶ
994 1481 1283 1537 καταπλήξει
1317 1481 1488 1524 τούτων
1523 1482 1568 1524 δὲ
1597 1497 1676 1531 τας
1707 1478 1814 1522 ἀπο-

368 1540 578 1591 2οδείξεις
607 1536 762 1607 λάβοις
790 1543 884 1588 ταῖς
914 1534 1050 1580 πάλαι
1078 1538 1182 1581 ποτὲ
1207 1540 1513 1588 συσταθείσαις
1538 1538 1814 1586 δυναστείαις

426 1594 658 1664 ἐπιστήσας
696 1594 774 1638 τόν
812 1598 926 1637 νοῦν
964 1595 1038 1638 καὶ
1074 1611 1126 1653 τῃ
1163 1612 1268 1652 μετα
1307 1600 1445 1638 ταῦτα
1472 1594 1687 1651 γενομένη
1714 1592 1814 1636 Ρω-

423 1655 567 1709 μαίων
595 1650 818 1709 ηγεμονία

528 1718 628 1762 ’Ὀτι
656 1735 746 1761 των
760 1721 1040 1789 πρεσβευτων
1070 1723 1160 1762 τῶν
1178 1720 1496 1774 Καρχηδονίων
1525 1719 1629 1769 τοὺς
1646 1718 1814 1768 αἰτίους

425 1780 506 1821 τοῦ
545 1775 741 1829 πολέμου
771 1779 852 1819 τοῦ
882 1776 992 1831 πρὸς
1021 1776 1357 1831 Μασσανάσσην
1392 1777 1674 1819 κεκολακὲναι
1708 1772 1811 1817 ἀπο·
1823 1793 1868 1827 91

373 1832 738 1903 25φαινομένων,
777 1848 866 1875 των
897 1832 943 1875 ἐκ
974 1837 1054 1876 τοῦ
1085 1835 1317 1886 συνεδριου
1348 1832 1467 1900 τινός
1497 1829 1815 1901 ἀναφωνήσαν-

429 1906 505 1942 τος
533 1889 624 1932 Καὶ
656 1891 748 1939 πῶς
785 1905 840 1932 ου
882 1887 990 1945 παρ’
1031 1888 1169 1933 αὐτὸν
1202 1890 1281 1933 τόν
1316 1890 1473 1945 καιρὸν
1501 1888 1814 1943 κατεδικάσθη·

565 2022 643 2054 100.
666 2020 705 2055 7.
743 2016 1102 2067 υποληφθήσεσθαι]
1150 2017 1502 2066 ’ὑπολειφθήσεσθαι
1545 2020 1602 2056 ed.
1633 2021 1736 2055 Rom.
1778 2024 1814 2052 et

471 2079 551 2102 mox
583 2063 663 2100 ον’κ.

567 2114 643 2146 100.
671 2113 725 2147 11.
760 2109 1033 2168 Μασανάσσην]
1058 2111 1294 2156 Μασανάσην
1319 2115 1374 2148 ed.
1399 2117 1501 2149 Rom.

566 2159 727 2192 100.16.
765 2155 839 2200 ὅτι]
865 2161 988 2204 incipit
1014 2162 1147 2194 codicis
1172 2175 1207 2205 p·
1224 2161 1305 2195 213·

567 2205 730 2238 1oo.18.
766 2206 1043 2252 φιλανθρωπία]
1071 2206 1355 2262 φιλανθρωπείᾳ
1379 2205 1432 2240 ed.
1450 2207 1552 2238 Rom.

567 2251 645 2283 100.
668 2250 726 2283 20.
761 2251 899 2305 λάβοις]
928 2261 1132 2295 oportuerat
1156 2251 1285 2297 λάβοις
1309 2265 1368 2286 αν.

519 2342 537 2376 λ
568 2296 645 2329 100.
669 2296 727 2330 23.
760 2295 869 2340 τους]
908 2298 1010 2331 abest
1042 2299 1098 2332 ed.
1120 2301 1220 2333 Rom.
1233 2323 1244 2341 ‚
1277 2311 1365 2344 quae
1397 2296 1524 2331 deinde
1548 2289 1735 2330 Μασσάνα
1757 2302 1814 2327 κε·

472 2353 517 2377 κο
540 2339 705 2376 αυκέναι.

522 2460 604 2495 100.
626 2459 661 2495 7.
696 2461 795 2495 conf.
820 2462 945 2506 Polyb.
969 2463 1054 2497 Exc.
1079 2463 1158 2496 iat.
1183 2474 1216 2507 Ρ.
1236 2461 1317 2498 441.
1343 2472 1370 2496 s.

524 2506 604 2541 100.
626 2507 681 2540 11.
714 2509 762 2542 Ut
785 2509 918 2542 bellum
942 2509 1106 2553 punicum
1131 2509 1205 2542 sive
1227 2510 1350 2542 advers
1353 2520 1392 2541 us
1412 2506 1634 2541 Masinissam
1658 2503 1732 2538 sive
1753 2513 1815 2536 ox-

431 2554 582 2586 tremum
607 2556 727 2588 contra
749 2555 930 2588 Romanos
954 2556 989 2589 in
1013 2556 1159 2589 XXXII.
1185 2555 1275 2588 libro
1298 2555 1491 2594 collocem,
1514 2559 1593 2586 utor
1616 2551 1703 2584 duce
1718 2550 1813 2584 Pho-

433 2599 503 2640 tio,
527 2599 586 2641 qui
610 2598 646 2631 in
667 2600 816 2634 secunda
837 2602 943 2634 liuius
968 2601 1049 2634 libri
1073 2603 1197 2646 ecloga
1220 2600 1441 2644 Carthaginis
1466 2599 1662 2639 excidium,
1684 2596 1721 2631 in
1743 2599 1813 2631 ter

432 2643 484 2678 tia
506 2645 668 2678 Masiniss
654 2656 712 2679 ae
734 2647 855 2680 laudes
876 2648 993 2682 habnt.
1027 2648 1126 2680 MAI.

526 2690 605 2724 100.
630 2691 687 2724 12.
722 2690 926 2736 συνθήκας]
952 2693 1127 2736 Appianus
1151 2692 1264 2736 punio.
1289 2693 1440 2726 LXVIII.
1464 2703 1536 2735 sqq.
1566 2689 1663 2724 MAI.

525 2735 606 2770 100.
628 2737 686 2770 22.
718 2739 862 2772 Videtur
886 2740 973 2772 haec
997 2739 1169 2781 particula
1191 2738 1357 2772 orationis
1379 2739 1412 2771 in
1431 2742 1552 2771 senatu
1571 2745 1715 2769 romano
1739 2734 1813 2767 for-

431 2784 522 2815 tasse
544 2783 713 2816 recitatae
736 2796 815 2818 cum
840 2786 881 2817 de
906 2785 1030 2828 punico
1055 2786 1158 2818 teatio
1182 2785 1274 2818 bello
1298 2784 1559 2817 deliberaretur.
1606 2781 1666 2816 Nie—
1652 2780 1680 2813 ἱ
1698 2779 1812 2824 potius

430 2827 676 2909 ξιίειῐοιίεἰῦὲιῦε·
667 2840 732 2910 mas
752 2831 918 2866 sententia
948 2836 1010 2866 est.
1052 2831 1151 2867 MAI.
1204 2831 1309 2866 Sedes
1332 2831 1462 2865 horum
1486 2830 1601 2863 luerat
1623 2831 1703 2862 ante
1726 2827 1809 2860 Exc.

461 2884 482 2908 a
531 2885 554 2918 p
714 2875 747 2911 5.

1965 2703 1968 2721 c

1964 2750 1968 2770 (

1963 2795 1968 2826 Ι

1964 2841 1968 2858 ι

1965 2887 1968 2905 ι
