1968 3346
581 693 636 738 LL
720 691 1043 739 XXXII.

221 869 319 914 “Oa
361 870 580 920 Φίλιππος
624 868 648 912 6
684 867 897 939 Ἀμύντου
941 869 1245 912 δουλευουσαν
1278 866 1508 924 Ἰλλυριοῖς
1537 866 1592 911 25

116 943 200 998 την
227 926 465 984 ἡγεμονίαν
490 926 763 997 παραλαβων
786 932 880 977 τοῖς
909 924 1062 976 ὅπλοις
1092 924 1182 995 α’μα
1211 926 1287 969 καὶ
1319 944 1372 984 τῃ
1396 926 1506 970 κατὰ

116 985 199 1041 τήν
230 985 492 1040 στρατηγίαν
522 981 722 1042 ἆγχινοία
751 984 830 1038 τὴν
851 985 1077 1053 βασιλείαν
1083 980 1373 1051 ἀνεκτήσατο,
1403 981 1506 1027 ταύ-

115 1058 197 1097 την
237 1041 282 1084 δὲ
315 1043 528 1112 μεγίστην
566 1057 655 1083 των
691 1039 801 1084 κατὰ
841 1038 931 1109 τὴν
960 1036 1187 1108 Εὐρώπην
1234 1042 1506 1083 δυναστειων

115 1097 445 1150 κατεσκεύασεν,
480 1098 676 1148 ἐπιεικως
704 1094 1064 1153 προςφερόμενος
1085 1101 1178 1147 τοῖς
1205 1102 1502 1166 κρατηθεῖσιν.
1534 1095 1591 1136 30

113 1152 377 1211 Ἀθηναίους
405 1154 489 1210 γὰρ
528 1152 910 1224 ἄμφιςβητοῦντας
946 1157 1038 1223 τῆς
1063 1151 1297 1209 ἡγεμονίας
1325 1152 1509 1210 νικήσας

116 1212 326 1283 ἐπιφανεῖ
351 1228 486 1282 μαχῃ,
517 1210 623 1262 τούς
651 1228 731 1268 μεν
760 1209 1115 1267 τετελευτηκότας
1134 1214 1224 1253 τῶν
1241 1211 1509 1282 ἡττημένων,

115 1268 320 1323 ἀτάφους
349 1267 768 1337 οἷπολελειμμένους,
797 1285 911 1337 μετα
941 1271 1105 1324 πολλης
1143 1267 1385 1338 ἐπιμελείας
1414 1267 1508 1339 ἐκή·

115 1328 267 1377 δευσε,
307 1325 410 1376 τοὺς
441 1325 486 1368 δὲ
517 1323 704 1376 ἁλόντας
732 1340 841 1380 υπερ
874 1326 1109 1380 διςχιλίους
1140 1321 1269 1375 όντας
1306 1325 1386 1369 τὸν
1417 1342 1508 1381 αρι-

113 1381 235 1438 θμόν
263 1381 369 1426 α’νευ
398 1381 575 1435 λύτρων
598 1379 811 1426 απέλυσεν
831 1383 890 1433 εἰς
919 1398 1000 1437 την
1027 1383 1145 1424 ἰδίαν
1173 1382 1376 1436 πατρίδα.
1411 1399 1505 1425 τοι-
1534 1375 1592 1419 35

111 1443 285 1497 γαροῦν
316 1441 360 1482 οἱ
388 1439 488 1492 περὶ
516 1443 592 1494 τῆς
621 1437 856 1511 ἡγεμονίας
895 1439 969 1482 διὰ
997 1442 1084 1481 τῶν
1115 1436 1264 1481 ὅπλων
1294 1437 1508 1494 ἀγωνισα-

113 1512 241 1551 μενοι
283 1495 354 1539 δια
383 1512 464 1552 την
506 1498 567 1546 εἰς
607 1495 771 1547 αὐτούς
801 1496 1034 1539 ἐπιείκειαν
1065 1494 1276 1547 ἑκουσίως
1305 1495 1507 1566 ἐξεχώρη·

115 1558 200 1596 σαν
228 1556 305 1608 τῆς
333 1556 422 1594 τῶν
447 1550 669 1622 Ἑλλήνων
700 1553 847 1608 α’ρχῆς,
876 1552 899 1595 6
932 1552 978 1595 δὲ
1009 1552 1083 1595 διὰ
1110 1556 1288 1596 πολλῶν
1318 1551 1507 1623 αγώνων

112 1610 190 1657 καὶ
218 1608 440 1652 κινδύνων
471 1625 530 1664 μη
571 1608 815 1679 δυναμενος
844 1613 992 1665 τυχεῖν
1021 1612 1096 1665 τῆς
1125 1607 1261 1679 ἀρχῆς
1303 1609 1374 1657 δια
1403 1613 1506 1666 μιᾶς

112 1666 455 1736 φιλανθρωπίας
473 1666 610 1735 ε’λαβε
639 1665 761 1720 παροὲ
791 1670 880 1708 τῶν
908 1668 1129 1720 πολεμίων
1159 1666 1396 1737 ἐθελοντήν
1426 1668 1505 1724 τὴν
1533 1658 1590 1702 40

114 1726 190 1778 τῆς
216 1720 422 1772 Ελλάδος
459 1722 721 1793 ἡγεμονίαν.
777 1722 850 1766 καὶ
881 1723 962 1778 τὴν
990 1723 1242 1765 τελευταίαν
1271 1726 1347 1779 τῆς
1376 1726 1504 1794 βασι-

111 1782 232 1830 λείας
261 1794 535 1848 παραμονην
556 1781 619 1836 τῷ
650 1778 775 1839 φόβῳ
812 1779 1010 1835 κατέσχε,
1051 1777 1336 1831 κατασκαψας
1375 1780 1505 1824 πόλιν

106 1838 392 1908 μυρίανδρον
421 1852 503 1903 την
523 1823 766 1879 ”Ολυνθον.
809 1836 972 1890 ὁμοίως
1000 1835 1047 1879 δὲ
1075 1835 1217 1905 τούτῳ
1247 1837 1322 1879 καὶ
1354 1835 1377 1880 ὁ
1404 1837 1504 1889 υἱός

106 1890 389 1962 Ἀλέξανδρος
404 1889 571 1961 Θήβας
605 1892 685 1947 μὲν
723 1892 923 1961 ἁρπάσας
940 1895 1016 1963 τῇ
1046 1882 1204 1947 ταύτης
1231 1896 1308 1963 τῆς
1337 1892 1504 1946 πόλεως
1532 1885 1589 1930 45

40 1947 236 2000 59οᾶπωλ
240 1950 305 1992 εία
333 1948 439 1999 τούς
468 1949 581 2001 πρὸς
609 1947 902 2020 νεωτερισμόν
930 1947 1212 2019 ὁρμωμένους
1246 1946 1505 2006 Ἀθηναίους

110 2022 156 2050 τε
185 2006 260 2050 καὶ
283 1994 670 2060 Λακεδαιμονίους
708 2011 784 2063 τῆς
826 2005 1106 2057 αποστάσεως
1147 2003 1409 2061 απέτρεψεν,
1455 2007 1505 2051 ἐν

109 2062 158 2107 ’δε
186 2080 278 2114 τοις
307 2062 419 2116 πρὸς
447 2061 552 2112 τούς
585 2062 760 2117 Πέρσας
787 2065 996 2134 πολέμοις
1026 2060 1318 2107 ἐπιεικέστατα
1344 2063 1505 2134 χρώμε-

108 2136 187 2189 νος
222 2124 315 2171 τοῖς
355 2117 645 2174 αἰχμαλώτοις
694 2119 748 2164 ου’
777 2122 918 2190 μόνον
952 2117 1132 2177 ἀνδρεία
1163 2117 1270 2163 ἄλλα
1301 2124 1375 2165 καὶ
1404 2120 1504 2193 ἡμε-

110 2177 259 2233 ρότητι
273 2175 532 2249 περιβοήτῳ
568 2192 672 2227 τους
707 2195 819 2220 κατα
857 2194 939 2232 την
971 2177 1118 2220 Ἀσίαν
1149 2179 1382 2230 οἰκοῦντας
1411 2181 1503 2223 ἐπι-
1533 2168 1589 2213 50

108 2233 311 2304 θυμητὰς
340 2233 431 2288 ἔσχε
461 2236 536 2284 τῆς
565 2234 678 2284 ἰδίας
694 2233 860 2305 ἀρχῆς.
885 2235 932 2278 ἐν
961 2234 1008 2278 δὲ
1030 2240 1122 2284 τοῖς
1151 2234 1379 2288 νεωτέροις
1407 2233 1505 2292 χρό-

47 2340 52 2346 ,
108 2307 204 2342 νοις
230 2289 434 2359 Ῥωμαῖοι
463 2293 540 2360 τῆς
570 2294 660 2333 τῶν
692 2291 806 2334 ὅλων
834 2290 1072 2361 ἡγεμονίας
1102 2289 1354 2346 ὀρεχθέντες
1384 2304 1505 2337 συνε-

50 2355 52 2358 ’
110 2347 325 2402 στήσαντο
356 2361 436 2401 μεν
466 2343 607 2402 αὐτὴν
638 2348 709 2390 δια
739 2352 815 2404 τῆς
844 2364 934 2392 των
964 2347 1113 2392 ὅπλων
1143 2347 1360 2419 ἀνδρείας,
1392 2348 1505 2405 πρὸς

109 2403 293 2460 αὔξησιν
323 2402 368 2446 δὲ
397 2405 602 2467 μεγίστην
631 2402 800 2459 ἤγαγον
838 2405 1135 2448 ἐπιεικέστατα
1163 2405 1380 2476 χρώμενοι
1408 2412 1502 2458 τοῖς

108 2464 514 2528 καταπολεμηθεῖσι.
552 2465 768 2505 τοσοῦτον
806 2479 890 2518 γαρ
922 2460 1121 2517 ἀπέσχον
1146 2466 1236 2531 τῆς
1273 2479 1385 2505 κατα
1414 2467 1502 2507 τῶν
1530 2456 1587 2500 55

109 2515 492 2562 ὑποπεπτωκότων
533 2514 759 2588 ωμότητος
787 2520 861 2562 καὶ
892 2521 1102 2575 τιμωρίας
1132 2518 1236 2570 ὥςτε
1267 2521 1415 2563 δοκεῖν
1423 2519 1503 2590 μὴ

110 2592 172 2626 ως
210 2574 433 2628 πολεμίοις
472 2569 567 2617 ἀλλ’
602 2575 661 2626 ὥς
698 2575 943 2632 εὐεργέταις
983 2576 1056 2619 καὶ
1073 2577 1234 2646 φίλοις
1263 2577 1502 2644 προςφέρε

111 2638 231 2676 σθαι.
263 2633 306 2674 οἱ
335 2630 414 2685 μὲν
448 2630 534 2686 γὰρ
567 2634 856 2700 κρατηθέντες
896 2630 1179 2701 προςεδόκων
1218 2637 1292 2689 τῆς
1321 2631 1502 2691 ἐσχάτης

110 2689 285 2744 ἔχεσθαι
313 2688 538 2742 τιμωρίας,
569 2687 628 2739 (ὃς
653 2690 854 2746 πολέμιοι
875 2687 1122 2746 γεγονότες,
1152 2692 1197 2733 οἱ
1215 2690 1261 2733 δὲ
1284 2694 1497 2747 κρατοῦν
1529 2685 1585 2727 60

199 2800 280 2837 590.
303 2801 360 2838 58.
386 2799 558 2848 ἔχεσθαι]
582 2799 780 2848 τεύξεσθαι
805 2803 993 2849 Valesius,
1014 2806 1054 2840 ut
1077 2806 1130 2840 est
1153 2800 1234 2839 603.
1257 2799 1289 2838 5⁴

1192 2864 1223 2903 ss
