1968 3346
946 681 991 722 L.
1049 681 1237 724 XXV.

516 815 546 858 l.
578 815 646 861 διὸ
671 816 744 860 καὶ
765 820 856 867 τοῖς
887 813 1148 867 ἀποστάταις
1180 816 1260 873 οὐχ
1288 811 1419 873 ἧττον
1448 817 1781 870 πολιορνεισθαι
1794 826 1838 862 55

401 874 658 930 συνέβαινεν
685 873 713 929 ἢ
741 878 990 927 πολιορκεῖν
1021 873 1092 916 διὰ
1122 875 1171 917 τὸ
1201 887 1308 917 σπαι
1309 877 1421 927 ίζειν
1449 877 1629 942 τροφῆς

515 931 741 986 συνέβαινε
773 930 817 973 δὲ
848 935 940 980 ταῖς
971 929 1047 985 μὲν
1077 928 1257 1000 τόλμαις
1289 929 1448 981 αὐτοὺς
1471 929 1530 1000 μὴ
1557 933 1782 978 λειπεσθαι

399 991 490 1030 τῶν
520 989 763 1042 πολεμιᾝων
807 987 879 1030 διὰ
911 988 956 1030 δὲ
998 1004 1072 1037 τας
1103 986 1301 1043 α’πειρίας
1339 992 1428 1030 τῶν
1457 987 1686 1057 ἡγεμόνων
1713 1002 1783 1042 με-

372 1043 512 1099 5γαλα
538 1043 818 1114 βλάπτεσθαι.
850 1043 917 1086 διὸ
937 1045 1008 1086 καὶ
1030 1043 1125 1087 τότε
1148 1048 1342 1088 συιιδεῑν
1363 1038 1420 1100 ἦν
1440 1043 1510 1087 ἐπ’
1543 1041 1678 1100 αὖτης
1706 1047 1783 1099 τῆς

398 1103 552 1155 πείρας
567 1100 735 1171 ἡλίκην
763 1100 1012 1156 ὑπερβολήν
1052 1101 1139 1156 ἔχοι
1177 1101 1433 1157 στρατηγικὴ
1463 1099 1637 1151 σύνεσις
1667 1102 1783 1144 ἰδιω-

397 1163 520 1214 τικῆς
550 1157 750 1212 α’πειρίας
778 1158 851 1200 καὶ
879 1161 1028 1212 τριβης
1057 1158 1228 1201 ἀπόνου
1258 1175 1331 1201 και
1362 1161 1684 1227 στρατιωτικῆς.

511 1215 560 1258 τὸ
583 1232 687 1283 γαρ
693 1214 924 1269 δαιμόνιον
943 1230 1002 1264 ως
1025 1215 1138 1257 εὀικε
1159 1213 1324 1271 ταύτην
1353 1214 1546 1271 ἀμοιβὴν
1566 1218 1655 1257 τῶν
1686 1211 1780 1258 ασε

396 1271 603 1343 βημάτων
633 1269 782 1320 αὐτοῖς
813 1271 1075 1313 ἐδικαίωσεν

343 1337 395 1377 10
497 1327 595 1371 Ὀτι
641 1327 720 1370 τόν
761 1325 992 1369 Σπόνδιον
1037 1325 1369 1381 ανεσταύρωσεν
1401 1325 1617 1382 Ἀμίλκας.
1667 1325 1690 1370 ὁ
1733 1325 1781 1369 δὲ

396 1383 573 1436 Μᾶθως
591 1382 795 1441 Ἀννίβαν
817 1385 876 1434 εἰς
904 1383 984 1427 τὸν
1013 1384 1151 1428 αὐτὸν
1181 1384 1375 1440 σταυρόν
1405 1383 1679 1440 αἰχμάλωτον
1708 1387 1780 1427 λα·-

530 1500 586 1534 62.
609 1498 644 1532 5.
679 1496 796 1544 αὐτῆς
819 1495 898 1544 τῆς]
924 1496 1054 1544 αὐτῆς
1064 1501 1118 1534 ed
1143 1501 1260 1533 Rom..
1253 1512 1260 1519 ·
1288 1505 1485 1533 correctum
1509 1510 1552 1532 ex
1571 1499 1778 1543 fragmentis

438 1547 718 1581 Hoeschelianis.

533 1593 589 1626 62
615 1592 649 1625 6.
687 1588 920 1636 στρατηγικὴ]
957 1591 1041 1627 Cod.
1068 1589 1321 1636 στρατιωτική.
1354 1593 1451 1625 MAI.

531 1640 668 1673 (52.10.
703 1637 913 1681 Σπόνόιον]
945 1641 997 1673 lta
1022 1641 1099 1674 cod.
1126 1653 1197 1674 nou
1220 1637 1429 1680 Σπένδιον,
1454 1644 1493 1671 ut
1515 1637 1623 1681 vulgo
1647 1635 1777 1670 scribi-

436 1691 507 1719 tur.
537 1687 633 1718 MAI.

483 1798 598 1834 621.
644 1797 926 1843 Suprascriptum
950 1798 992 1831 de
1014 1798 1133 1832 Barca
1154 1796 1393 1844 fragmentum
1415 1796 1636 1841 subsequitur
1657 1794 1694 1830 in
1716 1806 1776 1830 co·-

390 1845 490 1887 dice,
514 1849 548 1880 et
571 1844 711 1888 quidem
734 1846 770 1879 in
794 1847 916 1879 eadem
940 1845 1072 1890 pagiua
1093 1843 1172 1879 130
1198 1847 1388 1889 eodemque
1410 1856 1512 1879 versu
1529 1845 1627 1878 locus
1649 1843 1711 1877 ille
1733 1853 1777 1876 ex

389 1891 536 1936 Epicuri
558 1891 643 1925 ratis
666 1891 864 1933 sententiis,
889 1903 910 1926 a
933 1892 1106 1925 vocabulo
1129 1890 1347 1936 ’Ἐπίκουρος
1368 1903 1478 1935 usque
1500 1890 1545 1925 ad
1568 1887 1776 1934 συμφοράς,

389 1938 451 1981 qui
474 1937 510 1972 in
533 1938 789 1972 hoeschelianis
812 1938 1018 1982 fragmentis
1036 1937 1137 1972 editis
1160 1939 1301 1983 ponitur
1315 1938 1415 1972 initio
1436 1937 1519 1972 libri
1534 1937 1641 1970 XXV.
1682 1936 1776 1969 Hine

389 1995 477 2029 ergo
511 1995 630 2017 rursus
665 1984 908 2029 cognoscimus
939 1983 1125 2019 transitum
1156 1986 1234 2019 fieri
1266 1996 1289 2019 a
1318 1984 1411 2018 libro
1433 1984 1558 2018 xxtv.
1591 1981 1636 2017 ad
1658 1982 1773 2016 XXV.

388 2031 437 2064 Et
459 2041 539 2062 eum
565 2030 705 2073 quidem
707 2011 863 2072 ulmum,
887 2034 1006 2074 utpote
1028 2031 1161 2065 editum
1181 2043 1249 2076 ego
1273 2030 1536 2075 praetermitt03
1570 2029 1632 2062 ubi
1656 2033 1774 2063 tamen

389 2077 426 2112 in
449 2077 501 2109 ed.
531 2082 582 2110 est
605 2088 640 2111 v,
661 2079 695 2110 1.
721 2074 780 2111 ἐπὶ
805 2081 906 2120 ταῖς,
931 2077 1037 2110 codex
1061 2078 1187 2112 melius
1208 2078 1315 2114 habet
1339 2076 1378 2113 ἐν
1402 2081 1502 2118 ταῖςς
1539 2074 1600 2110 ubi
1623 2075 1677 2110 ed.
1702 2075 1772 2120 τήν

387 2123 541 2164 κακίαν,
565 2123 671 2156 codex
693 2127 830 2157 tantum
852 2125 1006 2164 κακίανς
1035 2124 1097 2157 ubi
1118 2124 1268 2168 denique
1293 2125 1346 2159 ed.
1369 2125 1434 2160 καὶ
1460 2121 1688 2168 συλλήβδην,
1710 2133 1772 2157 co·

388 2170 453 2204 dex
475 2167 610 2211 plenius
632 2168 694 2204 καὶ
716 2167 847 2210 αὐτοῖς
870 2150 1086 2215 συλλήβδην.
1119 2171 1218 2204 MAI.

480 2215 537 2250 62
562 2215 595 2248 2.
629 2216 783 2250 Pertinet
800 2217 868 2249 hoc
892 2221 1092 2259 excerptum
1116 2217 1160 2250 ad
1183 2216 1317 2250 bellum
1339 2215 1635 2249 mercenariorum
1657 2214 1772 2248 rebel-

387 2260 476 2295 lium
500 2261 536 2294 in
559 2261 682 2295 Africa
703 2262 869 2296 adversus
893 2262 1220 2306 Carthaginienses,
1253 2262 1345 2305 quod
1367 2266 1533 2295 accurate
1556 2261 1677 2296 scribit
1701 2261 1773 2295 Po-

386 2307 506 2351 lybius
529 2308 591 2340 sub
615 2308 721 2341 finem
744 2308 849 2350 primi
879 2309 973 2342 libri.
1021 2309 1194 2343 Diodorus
1217 2314 1334 2342 autem
1365 2308 1571 2342 sententiam
1594 2318 1702 2351 prope
1724 2307 1770 2341 ad

385 2354 527 2387 literam
551 2353 657 2387 sumit
680 2365 702 2387 a
724 2355 874 2398 Polybio
893 2355 920 2388 1.
945 2354 1010 2395 84,
1035 2354 1095 2398 qui
1119 2354 1169 2388 ait
1191 2356 1340 2389 rebelle·
1367 2359 1443 2388 tum
1467 2355 1664 2388 obsiderent
1684 2354 1770 2388 Car-

386 2399 590 2444 thaginem,
624 2399 778 2433 vicissim
813 2402 857 2434 ab
890 2401 1098 2435 Hamilcare
1128 2401 1268 2443 Barca,
1304 2400 1365 2444 qui
1398 2411 1525 2446 agrum
1555 2399 1769 2441 incursabat,

385 2451 584 2480 commeatu
604 2446 761 2480 exclusos
782 2447 891 2480 fuisse
915 2458 957 2481 ac
979 2458 1087 2491 prope
1110 2449 1277 2482 obsessos,
1311 2447 1410 2481 MAI.

478 2492 535 2525 62.
558 2491 592 2525 7.
633 2493 787 2526 Rursum
811 2493 983 2528 Diodorus
1004 2495 1271 2537 repetundarum
1295 2494 1336 2528 fit
1356 2504 1456 2535 reus,
1486 2493 1570 2537 quia
1590 2492 1722 2527 scilicet
1745 2503 1768 2527 a

383 2538 534 2582 Polybio
557 2538 623 2572 loc.
646 2538 705 2572 cit.
728 2540 796 2572 hoc
818 2540 1056 2584 fragmentum
1080 2552 1187 2584 prope
1209 2541 1252 2574 ad
1277 2540 1432 2574 litteram
1455 2540 1636 2579 exscribitz
1669 2539 1768 2573 cuius

384 2585 525 2628 quidem
558 2584 750 2629 fragmenti
782 2596 865 2629 pars
890 2586 1058 2628 posterior
1079 2592 1174 2620 extat
1196 2586 1304 2620 etiam
1327 2588 1392 2620 sub
1420 2587 1527 2621 initiis
1549 2586 1632 2619 libri
1660 2585 1768 2619 huius

385 2631 498 2666 XXV.
530 2629 566 2664 in
597 2631 804 2675 fragmentis
827 2631 928 2666 editis
951 2632 1097 2666 Diodori
1121 2645 1155 2677 p.
1175 2632 1256 2667 510.
1304 2633 1415 2667 Porro
1438 2638 1554 2667 autem
1578 2643 1692 2666 sermo
1715 2634 1768 2665 est

384 2679 428 2711 de
450 2677 675 2711 mercenariis
697 2677 757 2721 qui
781 2678 960 2713 inferiores
982 2679 1108 2713 Poenis
1131 2683 1229 2714 erant
1257 2690 1325 2713 non
1347 2679 1525 2725 pugnandi
1546 2678 1682 2713 ferocia
1705 2677 1766 2712 sed

383 2724 509 2757 ducum
533 2724 670 2768 peritia.
707 2725 804 2757 MAI.

476 2770 532 2803 62.
559 2771 615 2804 10.
639 2770 827 2828 Polybius
852 2772 918 2805 loc.
943 2771 1000 2807 cit.
1023 2785 1092 2807 του
1124 2773 1323 2830 δαιμονίου
1347 2769 1418 2816 τήν
1443 2770 1581 2807 οἰκείαν
1603 2766 1766 2817 ἀμοιβὴν

384 2813 515 2857 αὐτοῖς
538 2815 797 2861 ἐπιφέροντος,
824 2819 875 2875 τῇ
907 2817 1001 2863 πρὸς
1031 2830 1121 2859 τους
1142 2818 1253 2861 πέλας
1277 2816 1426 2866 ἀσεβείᾳ
1452 2818 1515 2853 καὶ
1536 2818 1765 2864 παρανομίᾳ.

382 2864 554 2909 Loquitur
576 2865 619 2899 ‹le
641 2863 865 2901 mercenariis
886 2865 946 2910 qui
969 2866 1064 2902 fame
1085 2866 1224 2913 adacti,
1247 2870 1370 2903 mutuo
1393 2856 1574 2903 vorabant.
1608 2863 1710 2900 MAI.
