1968 3346
426 216 728 261 EXCERPTA
756 215 1042 261 VATICANA
1071 215 1117 256 L.
1136 215 1289 257 XXXI.
1493 218 1551 271 93

165 330 366 386 καθάπερ
398 329 670 398 χρησμῳδῶν
696 325 809 382 ὑπερ
840 343 930 370 των
953 326 1075 397 αὕτη
1107 327 1452 384 συμβησομένων
1481 342 1550 370 ευ-

166 387 331 457 στόχως
365 385 552 436 τούτους
591 401 698 434 τους
737 384 897 439 λόγους
938 382 1305 452 ἄποπεφοίβακεν.
1365 386 1423 427 Εἰ
1461 383 1548 451 γάρ

165 444 317 513 λα’βοις
346 443 430 496 πρὸ
456 446 538 512 τῆς
568 441 741 491 ἐννοίας
773 440 850 511 μή
861 441 1021 495 χρόνον
1051 439 1234 494 ἄπειρον
1253 440 1377 511 μηδὲ
1398 456 1550 511 γενεας

164 500 328 552 πολλας
359 497 466 543 ἄλλα
474 497 766 567 πεντήκοντα
795 497 935 550 μόνον
965 497 1036 553 ἔτη
1060 498 1184 540 ταυτὶ
1214 497 1266 540 τοὶ
1296 497 1381 552 πρὸ
1411 496 1549 553 ἡμῶν,

164 559 318 614 γνοίης
359 555 415 598 ὂίν
453 552 512 605 ὥς
547 553 596 597 τὸ
636 558 711 609 τῆς
748 553 878 610 τύχης
914 553 1102 624 χαλεπόν
1143 553 1358 597 ἐνταῦθα·
1400 570 1550 621 πεντη-
1579 552 1606 595 5

164 625 306 671 κοστῳ
337 612 420 667 γὰρ
453 611 535 654 ἔτει
565 611 780 664 πρότερον
810 609 951 654 οἴεσθ’
984 609 1053 652 ἂν
1049 609 1090 666 ἢ
1116 612 1287 678 Πέρσας
1316 610 1344 665 η’
1374 611 1550 665 βασιλέα

163 675 252 713 τῶν
281 660 473 722 ’Περσων
501 668 530 722 ἢ
560 666 826 717 Μακεδόνας
861 684 889 723 η
927 669 1108 737 βασιλέα
1143 671 1230 710 τῶν
1259 666 1548 738 Μακεδόνωνξ

163 728 205 770 εἴ
231 743 295 776 τις
323 730 443 769 θεῶν
471 723 621 775 αὐτοῖς
649 723 863 794 προύλεγε
893 724 941 767 τὸ
973 723 1153 777 μέλλον,
1194 725 1421 766 πιστεῦσαί
1455 721 1548 766 ποτ’

163 782 221 826 ἂν
255 799 315 833 ως
355 784 414 832 εἰς
443 784 605 824 τοῦτον
641 779 721 823 τὸν
751 780 908 836 καιρὸν
937 784 1123 834 Περσων
1162 781 1242 835 μὲν
1273 778 1373 823 οὐδ’
1408 779 1550 834 ὄνομα

163 836 448 894 λειφθήσεται
486 835 536 880 τὸ
577 836 815 891 παράπαν,
851 841 893 880 οἱ
931 836 1073 908 πάσης
1103 836 1258 892 σχεδόν
1297 841 1373 903 τῆς
1404 837 1547 879 οἰκου-
1553 845 1607 884 10

165 896 295 952 μένης
325 895 581 965 ἐδέσποζον,
593 893 868 962 Μακεδόνες
898 894 944 937 δὲ
974 896 1048 937 καὶ
1072 893 1213 949 πάσης
1234 904 1546 963 κρατησουσιν,

166 953 230 995 ὠν
260 949 360 995 οὐδ’
402 950 543 1020 ὄνομα
581 951 638 1006 ἡν
676 949 922 1005 γνώριμονς
962 948 1060 993 αλλ’
1105 951 1224 1005 ὅμως
1253 950 1280 1006 ἡ
1322 950 1434 1019 πρὸς
1470 948 1549 991 τὸν

164 1011 266 1065 βίον
279 1007 420 1078 ἡμῶν
450 1005 663 1076 αναλογία
692 1011 768 1063 τῆς
796 1008 927 1062 τύχης
956 1008 1030 1050 καὶ
1058 1007 1201 1050 πάντα
1231 1023 1351 1060 παρα
1375 1006 1452 1049 τόν
1481 1012 1549 1048 λο-

162 1064 321 1134 γισμρν
349 1063 428 1107 τὸν
446 1061 658 1132 ἡμέτερον
685 1068 1007 1106 καινοποιοῦσα
1037 1065 1111 1106 καὶ
1140 1080 1220 1120 την
1250 1063 1386 1118 αὐτῆς
1416 1061 1549 1105 δύνα-

162 1138 240 1176 μιν
271 1122 317 1163 έν
345 1125 436 1170 τοῖς
465 1118 660 1171 ἐνδόξοις
688 1120 993 1176 ένδεικνυιιένη
1022 1121 1096 1164 καὶ
1123 1125 1203 1163 νῦν
1226 1119 1388 1175 ὁμοίως
1412 1120 1605 1171 {wel-15

106 1180 319 1220 82κνυται
358 1175 625 1226 Μακεδόνας
670 1178 730 1226 εἰς
776 1178 856 1246 τήν
897 1180 1076 1231 Περσῶν
1113 1176 1353 1233 ἡγεμονίαν
1391 1176 1547 1219 ἐνοικί-

163 1244 277 1277 σασα
315 1232 429 1276 διότι
469 1233 542 1276 καὶ
581 1231 755 1283 τούτοις
783 1232 810 1289 ἡ
841 1232 948 1305 τύχη
987 1233 1159 1289 τοΞγαθα
1197 1235 1424 1303 κέχρηκεν,
1465 1231 1547 1283 ἕως

161 1288 219 1333 ἂν
251 1289 356 1333 ἄλλο
386 1306 427 1332 τι
456 1288 744 1345 βουλεύσηται
763 1290 863 1344 περὶ
893 1289 1052 1333 αὐτῶν.
1086 1290 1110 1333 ὃ
1129 1290 1292 1360 συνέβη
1313 1307 1422 1333 κατα
1441 1306 1548 1339 τους

163 1350 250 1390 νῦν
278 1345 465 1414 χρόνους
495 1350 846 1415 συντελεσθῆναι.
874 1346 1030 1415 διόπερ
1063 1349 1136 1390 καὶ
1163 1346 1286 1403 ἡμεις
1315 1346 1548 1400 ἐκρίναμεν

161 1407 230 1473 τῇ
237 1402 486 1454 περιστασει
505 1401 640 1472 ταύτῃ
672 1403 749 1445 τὸν
772 1401 1017 1457 ἁρμόζοντα
1037 1404 1171 1459 λόγον
1196 1403 1605 1458 έπιφθέγξασθαιρο

160 1459 235 1503 καὶ
264 1462 339 1514 τῆς
369 1458 636 1511 ἀποφάσεως
671 1463 746 1514 τῆς
773 1462 1032 1516 Δημητρίου
1070 1465 1321 1530 μνησθῆναι
1350 1462 1547 1515 μείζονος

162 1514 298 1584 οὔσης
329 1533 353 1572 η
382 1513 481 1558 κατ’
513 1514 775 1568 ἄνθρωπον·
814 1523 993 1571 προεῖπε
1033 1534 1117 1572 γαρ
1154 1516 1310 1560 ἑκατὸν
1348 1516 1422 1560 καὶ
1452 1530 1549 1559 πεν-

159 1571 350 1629 τήκοντα
378 1571 449 1629 ἔτη
478 1573 576 1628 περὶ
602 1576 693 1616 τῶν
720 1571 908 1628 ὕστερον
943 1574 1302 1631 συμβησομένων.

299 1718 356 1756 93.
381 1720 414 1756 6
448 1715 573 1756 οἴεσθ’
598 1734 644 1756 αν
667 1716 706 1767 η]
732 1718 850 1757 οἶσθα
871 1718 923 1767 μή
947 1722 1002 1757 ed.
1027 1724 1131 1757 Rom.

277 1768 355 1802 ’93.
383 1768 437 1802 13.
471 1766 662 1822 ἀναλογία]
702 1771 751 1802 [ta
776 1771 956 1803 evidenter
980 1771 1013 1802 in
1042 1771 1182 1807 codice3
1209 1767 1270 1801 sed
1293 1768 1483 1809 mendose,
1506 1772 1548 1801 ut

208 1813 380 1855 arbitror,
407 1827 469 1857 pro
493 1810 582 1857 ἆλογ
576 1816 636 1848 ία.
681 1816 850 1867 Polybius
876 1816 999 1849 scribit
1023 1812 1230 1854 ἀσύνθετος
1250 1812 1352 1859 τύχη.
1389 1815 1483 1847 ΜΑΙ.

298 1860 438 1894 93-13.
472 1841 610 1914 πάντα]
637 1873 785 1901 παντως
809 1863 863 1895 ed.
891 1864 990 1894 Rom.

297 1905 437 1939 9314.
470 1903 602 1949 αὐτῆς]
628 1904 744 1949 αὐτῆς
769 1908 822 1942 ed.
846 1910 948 1941 Rom

299 1952 440 1986 93.15.
475 1950 655 1997 ἐνδόξοις]
690 1954 818 1987 Melius
843 1955 1009 1998 Polybius
1043 1949 1084 1988 ἐν
1115 1954 1195 1993 τοῖς
1224 1950 1473 1997 παραδόξοις,
1505 1953 1545 1987 in

205 1998 412 2043 insperatis.
437 1999 532 2032 MAI.

295 2043 435 2078 93.17.
466 2043 629 2089 τούτοις]
662 2042 822 2085 τούτους
847 2046 901 2079 ed.
926 2047 1029 2081 Rom.

158 2175 349 2223 Περσων
335 2194 358 2225 η
383 2180 608 2238 Μακεδόνας
640 2176 665 2227 ἦ
697 2178 866 2230 βασιλέας
899 2195 972 2217 των
1003 2177 1256 2222 Μακεδόνων,
1292 2178 1411 2221 εἴτις
1443 2175 1545 2215 θεων

160 2225 290 2267 αὐτοῖς
312 2226 489 2272 προῦλεγε
506 2227 554 2262 τὸ
572 2227 731 2286 μέλλον,
758 2230 952 2265 πιστεῦσαί
979 2227 1067 2263 ποτ’
1096 2225 1143 2263 ἂν
1169 2225 1218 2269 ὥς
1243 2229 1295 2268 εἰς
1318 2229 1453 2263 τοῦτον
1478 2225 1545 2261 τὸν

159 2271 291 2317 καιρὸν
316 2276 469 2317 Περσων
495 2273 580 2309 οὐδ’
618 2273 738 2320 ὄνομα
770 2273 1012 2320 λειφθήσεται
1046 2273 1086 2311 τὸ
1122 2284 1319 2331 παραπαν,
1355 2288 1392 2309 οι
1423 2273 1546 2315 πάσης

158 2319 224 2361 τῆς
239 2320 473 2374 οἰκουμένης
505 2319 721 2371 ἕδέσποζον,
760 2323 974 2361 Μακεδόνες
1007 2319 1048 2356 δὲ
1082 2319 1201 2366 πάσης
1234 2323 1454 2376 κρατοῦσιν;
1492 2319 1544 2355 ὧν

160 2360 250 2399 οὐδ’
273 2362 395 2408 ὄνομα
418 2366 598 2425 πρότερον
621 2372 690 2414 ἠν,·
723 2367 813 2403 ἄλλα
839 2371 918 2408 πῶς
942 2365 964 2414 ἡ
989 2366 1090 2422 πρός
1105 2367 1172 2403 τὸν
1196 2369 1278 2414 βίον
1302 2365 1406 2412 ἡμῶν
1430 2362 1545 2401 α’σύν-

157 2412 270 2450 θετος
277 2410 387 2469 τύχη
412 2414 474 2448 καὶ
497 2425 620 2447 παντα
643 2413 746 2472 παροὶ
771 2414 946 2459 λογισμὸν
979 2414 1046 2449 τόν
1070 2410 1247 2458 ἡμέτερον
1271 2410 1544 2449 καινοποιοΰσα

157 2457 221 2491 καὶ
243 2454 313 2515 τὴν
337 2457 454 2502 αὐτῆς
478 2458 638 2503 δύναμιν
663 2459 702 2495 ἐν
726 2465 807 2502 τοῖς
830 2459 1057 2515 παραδόξοις
1081 2459 1360 2504 ἐνδεικνυμένη,
1386 2461 1447 2494 καὶ
1473 2461 1543 2494 νῦν

159 2499 209 2542 ὡς
235 2501 314 2558 ἐμοὶ
340 2506 445 2539 δοκεῖ
468 2507 630 2540 δείκνυσι
654 2516 766 2541 πασιν
791 2506 1011 2550 ἀνθρώποις
1036 2506 1256 2546 Μακεδόνας
1282 2509 1333 2546 εἰς
1358 2507 1438 2562 τὴν
1450 2509 1544 2549 Περ-

158 2560 232 2583 σων
269 2546 512 2591 εὐδαιμονίαν
560 2552 783 2591 εἰςοικίσασα
826 2555 924 2589 διότι
960 2553 1021 2587 καὶ
1055 2551 1204 2594 τούτοις
1234 2556 1354 2588 ταῦτα
1392 2549 1543 2597 τοῖγαθοὶ

133 2608 140 2611 ο
156 2595 346 2640 κέχρηκεν,
373 2595 440 2637 ἕως
465 2594 551 2632 ἄλλο
577 2612 611 2632 τι
635 2598 880 2666 βουλεύσηται
902 2601 984 2642 περὶ
1012 2597 1148 2633 αὑτων.

251 2653 308 2687 93.
334 2654 369 2688 4
404 2652 630 2699 πεντήκοντα
653 2654 774 2698 μόνον
796 2656 858 2701 ἐτη
876 2657 982 2692 ταυτὶ
1002 2669 1048 2691 τα
1069 2656 1139 2699 πρὸ
1149 2653 1279 2711 ᾖμῶν]
1302 2656 1394 2689 nino
1411 2666 1543 2698 cogno-

158 2697 287 2733 scimus
310 2699 438 2733 librum
463 2711 485 2734 a
509 2702 687 2735 Demetrio
722 2703 888 2746 scriptum
920 2703 1004 2738 fuiss
1007 2714 1026 2736 e
1054 2704 1177 2746 primis
1200 2702 1394 2737 Ptolemaei
1427 2702 1544 2745 phila-

158 2745 276 2788 delphi
300 2746 478 2789 regnantis
503 2748 611 2782 annis.
645 2748 742 2783 MAI.

249 2802 305 2836 93
331 2801 386 2836 23.
428 2803 604 2837 Consentit
634 2804 848 2838 adamussim
880 2804 1001 2838 Livius
1032 2803 1136 2841 XLV.
1170 2804 1205 2841 9.
1248 2806 1291 2840 de
1324 2802 1543 2840 macedonici

156 2847 258 2894 regni
280 2849 325 2884 ab
351 2849 547 2885 Alexandro
571 2851 616 2886 ad
639 2852 806 2886 Perseum
830 2854 933 2886 statu.
964 2851 1063 2887 ΜΛΙ.
