1968 3346
247 212 332 252 224

275 329 500 373 Fragmenta

770 199 805 240 L
834 198 851 238 1
880 199 924 240 B.
983 199 1095 240 xxl.
1113 221 1171 228 —
1189 197 1278 239 XL.

578 320 763 364 Excerpta
854 317 1037 360 Excerpta

584 375 763 409 Vaticana
837 372 1048 407 Hoescheh'i

845 652 924 687 495.
942 654 999 688 35.

842 764 920 799 496.
940 765 996 800 39.

841 1218 919 1256 496.
941 1220 999 1255 39.

543 1391 600 1427 51.
616 1392 667 1426 19.
681 1392 792 1428 —52
839 1386 920 1423 497.
939 1389 995 1424 91.

602 1449 656 1482 15.

595 1734 650 1769 5⁹2.
678 1734 730 1770 16.

823 2174 904 2211 499.
934 2175 989 2211 98,

825 2572 902 2607 500.
926 2570 982 2606 87.

623 2794 679 2830 54.
823 2796 900 2830 501.
926 2795 981 2830 20.

1129 316 1317 360 Excerpta

1159 371 1292 407 valesii

1120 1842 1199 1878 563.
1219 1843 1278 1880 31.

1379 427 1582 474 Thynionis
1599 433 1639 461 et
1651 428 1799 462 Sostrati

1434 484 1577 518 bellum
1617 485 1804 528 Syracusis

1435 547 1584 586 gestum
1611 545 1649 572 et
1671 541 1802 574 missae

1435 597 1483 630 ab
1494 597 1656 641 utrisque
1667 597 1800 641 adPyr-

1435 653 1548 687 rhum
1571 653 1774 697 legationes

1378 710 1511 754 Pyrrhi
1540 710 1580 743 in
1606 709 1717 743 Italia
1744 720 1803 743 res

1435 772 1560 811 gestae

1377 820 1510 866 Pyrrhi
1538 822 1579 855 in
1601 820 1726 856 Sicilia
1744 830 1803 854 res

1434 885 1574 923 gestae.
1649 876 1801 910 foedera

1380 973 1383 977 Ι
1433 934 1533 969 inter
1554 934 1800 977 Thynionem,

1432 991 1671 1025 Sosistratum
1689 996 1724 1023 et
1738 991 1802 1034 Sy-

1435 1058 1647 1082 racusanos
1671 1046 1802 1079 foedus

1432 1104 1568 1148 Pyrrhi
1587 1109 1622 1136 et
1635 1101 1801 1136 Heracli-

1434 1159 1502 1193 dae
1531 1160 1801 1193 Leontinorum

1432 1216 1584 1261 tyranni

1374 1273 1514 1307 Brenni
1543 1278 1579 1306 et
1602 1272 1802 1307 Gallorum

1431 1329 1474 1362 in
1505 1328 1703 1363 Graeciam
1741 1340 1801 1363 ex-

1432 1385 1552 1419 cursio
1577 1391 1615 1419 et
1641 1385 1768 1420 clades

1320 1526 1324 1529 .
1373 1497 1506 1544 Pyrrhi
1534 1497 1575 1531 in
1606 1496 1800 1542 Carthagi-

1414 1554 1602 1587 niensium
1619 1554 1656 1586 in
1674 1554 1800 1587 Sicilia

1417 1610 1597 1644 ditionem
1613 1609 1798 1655 expeditio

1373 1667 1507 1714 Pyrrhi
1533 1666 1577 1700 de
1598 1666 1716 1700 Gallis
1740 1666 1798 1700 vi-

1431 1723 1548 1757 ctoria

1370 1780 1535 1826 Pyrrhus
1551 1780 1690 1826 Aegeas
1708 1777 1798 1812 diri-

1427 1837 1483 1882 pit

1368 1891 1686 1928 Mamertinorum
1709 1902 1795 1925 cum

1427 1951 1592 1985 Hierone
1638 1947 1794 1984 bellum.

1423 2005 1597 2041 Hieronis
1606 2016 1693 2038 cum
1705 2005 1795 2037 Car-

1411 2063 1555 2109 thagini
1560 2061 1703 2094 ensibus
1712 2059 1793 2093 foe-

1423 2119 1502 2155 dus.
1552 2118 1720 2151 Messene
1745 2116 1791 2150 ab

1423 2176 1590 2220 utrisque
1604 2173 1793 2207 obsidetur

1358 2231 1552 2266 Hannonis
1561 2229 1725 2264 inSicilia
1734 2240 1792 2262 res

1422 2295 1557 2334 gestae.
1595 2298 1681 2320 cum
1699 2285 1791 2320 Hie-

1421 2356 1513 2378 rone
1525 2345 1790 2378 contraRoma-

1419 2412 1486 2435 nos
1508 2400 1650 2434 foedus.
1679 2401 1787 2434 Rom.

1419 2469 1495 2492 cos.
1518 2456 1657 2501 Appius
1678 2456 1787 2489 Clau-

1419 2513 1502 2547 dius
1541 2513 1580 2547 in
1617 2512 1786 2547 Siciliam

1418 2570 1550 2603 missus

1361 2624 1725 2671 Carthaginiensium
1739 2626 1785 2659 ad

1382 2685 1574 2718 Romanos
1584 2687 1666 2726 post
1675 2693 1785 2726 proe-

1386 2739 1483 2774 lium
1515 2738 1647 2773 navale
1681 2738 1782 2784 lega„

1385 2795 1438 2830 tio
