1968 3346
361 172 444 214 112
471 164 770 209 EXCERP-TA
798 165 871 207 DE
899 165 1049 208 VIRT.
1079 165 1157 208 ΕΤ
1177 165 1290 208 ἯΤ.
1311 167 1358 208 L.
1379 160 1741 210 xxm—XXX.

353 276 674 355 ἀπηντηκότων
714 274 1042 334 ἅκληρημάτων.
1098 277 1240 347 χωρὶς
1272 277 1319 322 δὲ
1357 280 1447 321 τῶν
1483 280 1615 349 κοινῇ
1648 281 1744 330 τοῖς

353 337 541 407 Ἀχαιοῖς
577 335 1005 406 καταψηφισθέντων
1043 334 1104 385 εἷς
1140 332 1291 405 τιμήν
1306 333 1497 405 τάνδρὸς
1530 333 1559 392 ἡ
1589 336 1745 407 πατρὶς

277 402 333 444 40
363 392 597 461 ἱδρύσατο,
637 391 711 435 καὶ
747 394 830 434 τοῦ
868 393 1107 463 βουθυτεῖν
1143 389 1264 447 αὐτῷ
1299 388 1400 433 κατ’
1438 391 1643 436 ἐνιαυτὸν
1670 392 1746 436 καὶ

358 454 436 505 τῆς
464 447 619 505 ἀρετῆς
643 443 834 504 ἐγκώμιά
861 463 907 491 τε
932 447 1006 491 καὶ
1034 445 1202 503 ύμνους
1227 435 1467 500 κατέδειξεν
1495 446 1619 506 ᾄδειν
1638 464 1746 500 τους

357 508 499 556 νέους

461 560 563 606 “On
592 557 617 605 6
643 557 844 617 Ἀννίβας
871 562 1135 616 στρατηγικῆ
1153 559 1324 603 συνέσει
1346 559 1422 604 καὶ
1445 558 1618 631 μεγέθει
1636 560 1747 614 προξ-

364 621 474 673 ξεων
501 618 680 662 πάντων
709 617 1027 685 Καρχηδονίων
1055 616 1371 670 πεπρωτευκώς
1409 615 1622 660 οὐδέποτε
1649 615 1749 660 στοί-

278 681 335 724 45
365 689 436 720 σιν
465 675 586 731 ἔσχεν
615 675 663 718 ἐν
698 676 761 729 τῷ
800 671 1108 727 στρατεύματι,
1151 671 1259 716 ἀλλά
1294 689 1348 730 τῃ
1378 670 1510 729 φύσει
1543 676 1750 717 πλεῖστον

360 736 573 778 διεστῶτα
601 731 675 774 καὶ
701 719 941 779 διαλέκτοις
968 728 1250 784 πολυφώνοις
1279 716 1560 803 διειλημμένα
1576 729 1649 773 δια
1669 732 1747 785 τῆς

362 792 476 840 ἰδίας
515 788 729 843 προνοίας
773 786 822 829 ἐν
861 785 1047 842 ὁμονοίᾳ
1085 786 1161 829 καὶ
1207 789 1462 857 συμφωνία
1481 785 1745 857 διετήρησεν.
1809 785 1813 789 ’

363 845 527 902 ὁμοίως
568 844 615 887 δὲ
652 859 741 886 των
780 841 1010 898 ὁμοεθνῶν
1040 841 1263 886 εἰωθότων
1301 842 1376 886 δια
1414 858 1492 893 τας
1529 842 1748 913 τυχούσας

367 905 509 952 αἰτίας
537 901 810 971 οἷφίστασθαι
838 899 947 954 πρὸς
975 915 1081 949 τους
1116 899 1363 950 ἐναντίους,
1405 897 1553 950 οὐδεὶς
1582 898 1641 942 ἐπ’
1674 897 1751 942 αύ-

283 964 339 1008 50
368 977 450 1004 του
487 961 618 1002 τοῦτο
657 954 875 1011 ἐτόλμησε.
931 954 1118 1010 μεγάλας
1157 956 1205 999 δὲ
1219 956 1441 1026 δυναμεις
1479 953 1548 999 αεὶ
1575 954 1752 1024 τρέφων

364 1015 577 1061 οὐδέποτε
615 1012 846 1081 χρημάτων
877 1012 981 1056 0156}-
1008 1016 1176 1082 τροφῆς
1204 1011 1417 1069 ηπόρησε,
1459 1013 1536 1056 καὶ
1563 1012 1612 1055 τὸ
1642 1011 1751 1055 πάν-

363 1089 451 1117 των
491 1067 867 1125 παραδοξότατον,
908 1071 954 1112 οῖ
981 1068 1073 1124 μετ’
1107 1069 1248 1112 αὐτοῦ
1290 1068 1627 1124 στρατευόμενοι
1661 1071 1752 1112 τῶν

364 1129 622 1173 ἀλλοεθνῶν
661 1143 738 1180 της
776 1130 1002 1182 πολιτικῆς
1045 1123 1225 1177 εὐνοίας
1275 1125 1358 1170 οὐκ
1407 1125 1753 1197 ἀπελείφθησαν,

367 1185 476 1230 ἄλλα
526 1182 638 1228 πολύ
688 1181 934 1251 διήνεγκαν
971 1187 1237 1254 τοιγαροῦν
1275 1186 1419 1234 καλως
1468 1182 1618 1253 ἅρχων
1662 1185 1753 1225 τῶν

280 1247 336 1291 55
366 1245 642 1297 στρατιωτῶν
670 1238 806 1289 καλας
834 1240 910 1282 καὶ
929 1256 1008 1290 τας
1025 1239 1201 1295 πράξεις
1221 1239 1505 1284 ἐπετελέσατο.
1535 1238 1647 1294 πρὸς
1668 1255 1752 1294 γαρ

366 1316 473 1349 τους
503 1296 838 1345 δυνατωτάτους
874 1295 1066 1351 πόλεμον
1107 1297 1328 1350 ἐξενέγκας
1366 1297 1652 1340 επτακαίδεκα
1681 1295 1754 1351 ε’τη

367 1354 525 1411 σχεδὸν
542 1353 641 1423 τὴν
673 1352 859 1395 Ἰταλίαν
895 1352 1164 1424 ἐπόρθησεν,
1201 1352 1411 1409 αήττητος
1441 1353 1488 1397 δὲ
1518 1353 1564 1396 ἐν
1592 1351 1755 1403 πασαις

367 1418 462 1463 ταῖς
492 1427 648 1479 μαχαις
675 1408 866 1465 ἐγένετο·
902 1409 1192 1479 τηλικαύταις
1210 1410 1256 1454 δὲ
1284 1411 1359 1454 καὶ
1387 1409 1620 1460 τοσαύταις
1647 1408 1756 1462 πρόε-

282 1476 338 1518 60
368 1471 458 1522 ξεσι
496 1484 602 1517 τους
638 1470 715 1521 τῆς
755 1466 1016 1521 οἰκουμένης
1055 1465 1273 1521 ηγεμόνας
1312 1468 1510 1521 ἐνίκησεν
1539 1465 1643 1516 ὥςτε
1681 1464 1754 1509 δια

365 1525 416 1569 τὸ
437 1529 608 1580 πληθος
635 1539 725 1566 των
746 1523 1150 1591 κατακοπτομένων
1177 1522 1257 1566 ὑπ’
1289 1522 1428 1567 αὐτοῦ
1457 1524 1623 1592 μηδένα
1651 1523 1756 1565 ποτὲ

364 1587 532 1653 τολμαν
563 1582 623 1623 ε’τι
652 1596 762 1623 κατα
803 1578 943 1634 στόμα
982 1579 1198 1635 μάχεσθαι
1233 1579 1344 1633 πρὸς
1385 1578 1532 1623 αὐτόν.
1590 1578 1757 1629 πολλοὶς

364 1656 443 1694 μεν
472 1637 620 1688 πόλεις
651 1635 951 1690 δοριαλώτους
979 1636 1199 1689 κατέκαιε,
1248 1654 1303 1679 τα
1333 1637 1380 1679 δὲ
1409 1635 1520 1679 κατὰ
1549 1635 1630 1691 τὴν
1653 1634 1755 1678 Ἰτα-

363 1699 464 1740 λίαν
493 1695 600 1750 ἔ-θνη
630 1694 976 1762 πολυανθρωπία
1002 1693 1274 1748 διαφέροντα
1304 1696 1526 1746 σπανίζειν
1552 1692 1824 1747 ἐποίησεν576

282 1757 338 1799 65
369 1753 562 1805 ανδρῶν.
598 1751 672 1793 καὶ
701 1766 777 1799 τας
806 1737 1096 1805 περιβοήτους
1124 1749 1300 1802 πραξεις
1328 1749 1606 1794 ἐπετελέσατο
1635 1753 1761 1792 πολι-

369 1815 508 1859 τικοῖς
538 1823 617 1864 μεν
645 1807 871 1860 τελέσμασι
900 1807 974 1849 καὶ
1005 1804 1239 1875 δυναμεσι,
1264 1805 1582 1877 μισθοφόροις
1612 1804 1659 1849 δὲ
1685 1807 1760 1849 καὶ

371 1879 616 1935 συμμαχοις
656 1863 972 1918 παιιμεγεθέσι,
1014 1863 1089 1906 καὶ
1119 1861 1192 1906 δια
1221 1879 1308 1932 την
1340 1864 1602 1935 συμφωνίαν
1633 1864 1762 1913 δυςυ-

368 1922 602 1967 ποστάτων
627 1919 896 1975 περιεγένετο
929 1918 1001 1962 δια
1030 1924 1105 1975 τῆς
1136 1921 1250 1970 ιδίας
1258 1917 1503 1989 ἀγχινοίας
1531 1919 1605 1962 καὶ
1634 1929 1762 1974 στρα·

284 1986 342 2025 70
370 1996 547 2035 τηγικης
576 1994 752 2032 αρετης,
795 1977 869 2020 καὶ
899 1981 1035 2019 πᾶσιν
1067 1976 1224 2027 ε’δειξεν
1255 1976 1321 2019 ὅτι
1349 1975 1549 2045 καθάπερ
1578 1975 1649 2018 επὶ
1676 1979 1760 2019 τοῦ

369 2037 568 2108 σωματος
597 2035 620 2077 ὁ
650 2037 782 2084 νοῦς,
822 2032 963 2084 οὕτως
993 2032 1062 2076 ἐπὶ
1092 2032 1414 2090 στρατεύματος
1443 2030 1467 2075 ὁ
1499 2048 1580 2088 την
1607 2048 1759 2089 ηγεμο-

368 2096 470 2138 νίαν
502 2093 634 2161 ἔχων
641 2096 758 2134 ποιεῖ
786 2106 840 2132 τα
869 2089 1207 2145 κατορθώματα.

472 2149 572 2192 Ὀτι
611 2146 635 2191 ὁ
667 2148 869 2190 Σκιπίων
904 2146 1004 2197 νέος
1043 2146 1108 2189 ὢν
1145 2149 1369 2196 παντελῶς
1404 2143 1516 2188 κατοὶ
1548 2143 1630 2215 τὴν
1653 2143 1760 2202 Ἰβη-

373 2208 475 2263 ρίαν
523 2204 788 2254 ἀνελπίστως
828 2201 1059 2260 ἐχρησατο,
1108 2201 1476 2273 καταπολεμήσας
1506 2201 1611 2252 τοὺς
1639 2205 1760 2257 Καρ-

289 2268 345 2311 75
375 2264 633 2321 χηδονίους,
676 2260 755 2315 τὴν
785 2259 831 2304 δὲ
861 2263 1050 2314 πατρίδα
1078 2260 1429 2304 κινδυνεύουσαν
1459 2259 1638 2308 ἐξείλετο
1669 2262 1759 2302 τῶν

370 2323 582 2378 μεγίστων
611 2317 844 2361 κινδύνων.
887 2316 966 2360 τὸν
993 2334 1076 2385 γαρ
1106 2315 1320 2389 ἀήττητον
1347 2316 1548 2370 Ἀννίβαν
1579 2315 1652 2359 δια
1681 2319 1760 2371 τῆς

370 2379 567 2426 ἐπινοίας
595 2372 842 2431 ἡναγκασεν
868 2373 976 2418 ἄνευ
1006 2390 1146 2431 μαχης
1166 2375 1239 2418 καὶ
1261 2371 1519 2418 κινδύνων’
1502 2387 1550 2415 εκ
1569 2388 1642 2429 της
1657 2369 1760 2416 Ἰτα-

371 2516 430 2551 37
475 2509 771 2558 ἆκληρημᾰτων]
817 2507 1098 2556 ακληρωμοῖτων
1128 2510 1159 2544 V
1343 2520 1420 2544 των
1455 2507 1588 2542 addidit
1620 2506 1760 2542 Salma

371 2564 445 2598 sius
583 2559 640 2592 38.
671 2558 1039 2601 καταψηφισθέντων
1063 2556 1238 2598 ἶιῐῑοείῑις,
1263 2555 1532 2611 κατεψηφίσθη
1556 2554 1632 2588 ταῖν
1656 2555 1686 2587 V

372 2610 430 2643 39.
456 2605 656 2650 ἱδρύσατο]
687 2606 728 2638 ad
753 2606 822 2637 hoc
846 2606 940 2637 deest
963 2602 1190 2648 ἅνδρίαντα,
1233 2607 1312 2646 post
1333 2599 1496 2645 τανὸρὸς
1521 2601 1666 2634 fortasse
1695 2611 1761 2643 po-

369 2655 523 2689 nendum
658 2652 741 2695 τοῦ]
769 2648 811 2685 τό
836 2650 1016 2695 Βοίεἲᾱίιιε,
1044 2663 1085 2695 ⁰1²2
1075 2663 1110 2684 o
1134 2650 1269 2683 deleam
1406 2648 1464 2684 56
1490 2642 1762 2690 ἑπτακαίδεκα]

372 2701 412 2736 ιε’
437 2702 469 2735 V
587 2698 642 2733 59.
669 2697 837 2741 πράξεσι]
865 2697 988 2730 malim
1011 2694 1236 2740 παραταξεσι

463 2745 543 2781 57ss
570 2745 629 2779 (Π.
661 2743 872 2788 παιιμεγέεθ
874 2755 908 2778 σι
932 2744 1015 2787 καὶ]
1055 2745 1160 2778 fortaz
1146 2754 1199 2778 se
1222 2741 1441 2779 scribendum
1464 2737 1660 2783 παμμιγέσι
1682 2738 1760 2772 τῶν

508 2792 566 2827 7...
589 2791 697 2836 κατὰ]
724 2794 802 2832 τοῖς
825 2789 919 2826 κατά
943 2789 1105 2825 Reiskius
