1968 3346
375 210 676 255 EXCERP'PA
704 208 1130 253 HOESCHELIANA
1160 209 1206 250 L.
1236 209 1349 252 XXI.
1523 214 1554 254 9

172 324 272 378 περὶ
298 321 378 367 τὸν
384 324 568 394 Τηρίαν
597 318 811 392 ποταμόν.
840 322 971 374 κτίζει
993 322 1040 365 δὲ
1070 322 1250 374 Φιντίας
1277 319 1422 375 πόλιν,
1453 319 1553 366 ὀνο-

169 382 309 451 μάσας
339 378 477 450 αὐτὴν
502 378 727 428 Φιντιοὶδα,
759 377 963 434 Γελῴους
993 377 1262 430 ἀναστάτους
1292 377 1421 430 ὄντας
1450 380 1556 423 οίκί-
1582 384 1637 426 95

170 449 250 489 σας
290 437 338 481 ἐν
375 436 500 494 αὐτη.
540 437 628 480 ἐστὶ
675 435 721 479 δὲ
760 435 889 506 αὕτη
910 435 1286 506 παραθαλάσσιος.
1319 440 1553 491 καθαιρῶν

170 493 224 538 τὰ
253 495 369 549 τείχη
399 496 473 538 καὶ
509 493 588 544 τοὶς
631 494 772 543 οἰκίας
813 492 919 545 τούς
948 491 1084 544 λαους
1113 497 1207 564 τῆς
1219 492 1355 545 Γέλας
1383 495 1444 545 εἰς
1459 493 1554 562 τὴν

174 551 390 595 Φιντιάδα
431 549 685 606 μετήνεγκε,
724 550 873 602 κτίσας
909 555 1048 607 τεῖχος
1075 551 1149 594 καὶ
1180 548 1350 607 ἀγορὰν
1377 549 1554 604 ἀξιόλο-

170 625 253 665 γον
281 609 354 652 καὶ
383 607 520 658 ναούς
547 611 678 651 θεων.

284 664 392 708 ὅθεν
431 664 686 734 μιαιφόνου
724 661 985 734 γεγονότος,
1028 661 1116 707 ὑπὸ
1153 666 1308 706 πασῶν
1345 665 1432 706 τῶν
1468 662 1554 706 πό-
1584 663 1668 704 100

162 720 279 764 ’λεων
318 720 505 791 ἐμισήθη
552 725 641 764 τῶν
680 719 830 764 ου’σών
857 718 942 763 ὑπ’
982 718 1122 793 αὐτῷ,
1170 736 1245 763 και
1290 718 1396 770 τούς
1441 719 1554 775 πρὸς

165 777 377 849 φρουράν
425 776 558 830 ὄντας
607 778 817 832 ἐδίωξαν,
866 777 913 821 έν
962 774 1029 828 οἷς
1079 780 1257 834 πρῶτον
1306 774 1553 834 ἀπέστησαν

165 833 445 905 Ἀγυριναῐοι.
1613 859 1643 898 3

269 889 375 934 ΓὈτι
409 890 498 936 υπὸ
540 894 752 935 Γαλατῶν
783 893 1060 945 Πτολομαῖος
1098 888 1123 936 6
1153 890 1358 961 βασιλεὺς
1387 890 1556 963 έσφαγη
1613 913 1641 957 5

168 948 244 992 καὶ
281 951 403 992 πᾶσα
445 949 474 1007 ἡ
512 948 799 1006 Μακεδονικὴ
838 946 1027 1004 δύναμις
1075 945 1297 1006 κατεκόπη
1342 948 1418 993 καὶ
1465 950 1556 995 διε·

167 1003 338 1077 φθᾶςη·

270 1062 378 1106 ‘'On
420 1061 448 1132 ᾗ
489 1064 690 1117 Καδμεία
723 1063 824 1118 νίκη
860 1061 1079 1132 παροιμία
1109 1062 1234 1106 ἐστίν.
1279 1062 1369 1106 ἐστὶ
1406 1060 1453 1106 δε
1484 1060 1559 1106 ου’-
1614 1062 1645 1102 4

167 1133 247 1162 τω·
280 1120 328 1163 τὸ
357 1119 463 1169 τούς
494 1118 757 1188 νικήσαντας
794 1117 1029 1189 συμφοραν
1058 1119 1190 1174 ε’χειν,
1229 1120 1333 1170 τούς
1361 1118 1408 1163 δε
1436 1117 1559 1176 ήττη-

166 1174 329 1247 μένους
356 1176 491 1232 μηδεν
520 1174 799 1220 κινδυνεύειν
824 1175 898 1220 διὰ
915 1176 965 1219 τὸ
994 1175 1181 1249 μέγεθος
1208 1180 1299 1245 τῆς
1310 1174 1557 1247 ἡγεμονίας.
1590 1189 1645 1229 10

267 1232 372 1278 Ὀτι
404 1236 585 1284 Φιντίας
614 1233 638 1276 ὁ
675 1231 910 1283 Φιντιάδος
937 1235 1145 1287 κτίστωρ,
1168 1231 1460 1290 Ἀκράγαντος
1485 1232 1560 1277 τύ·
1616 1243 1646 1284 5

166 1305 352 1347 ραννος,
389 1287 507 1334 εἶδεν
537 1289 648 1344 ὄναρ
679 1292 844 1360 δηλοῦν
873 1288 954 1345 τὴν
985 1293 1067 1333 τοῦ
1081 1292 1201 1362 βίου
1229 1289 1560 1350 καταστροφήν,
1586 1335 1587 1338 ,

171 1347 226 1391 ὑν
255 1345 410 1403 ἄγριον
430 1352 742 1417 κυνηγοῦντος
772 1345 962 1418 ὁρμῆσαι
991 1346 1090 1390 κατ’
1122 1345 1267 1391 αὐτοῦ
1291 1349 1372 1404 τὴν
1400 1351 1458 1391 ὑν
1487 1349 1562 1392 καὶ

164 1402 247 1473 τήν
275 1403 473 1459 πλευρὰν
503 1404 643 1449 αὐτοῦ
661 1409 754 1457 τοῖς
784 1402 940 1450 ὀδοῦσι
969 1403 1158 1457 πατάξαι
1189 1405 1264 1449 καὶ
1293 1405 1558 1452 διελάσαντα
1588 1412 1643 1456 15

166 1462 248 1516 τήν
268 1461 446 1533 ιπληγήν
475 1467 654 1506 κτεῖναι.

268 1515 375 1561 Ὀτι
396 1517 554 1570 Ικέτας
582 1517 709 1562 ἐννέα
735 1516 806 1574 ε’τη
837 1517 1139 1572 δυναστεύσας
1167 1518 1438 1574 Συρακόσας
1466 1519 1556 1564 ὑπὸ
1613 1527 1644 1567 6

170 1575 397 1626 Θυνίωνος
424 1580 503 1619 τοῦ
532 1575 728 1646 Μαμέως
756 1574 1007 1643 ἐκβάλλεται
1031 1579 1108 1630 τῆς
1136 1578 1409 1630 τυραννίδος.

266 1630 371 1675 Ὀτι
414 1634 591 1676 Θυνίων
632 1632 708 1676 καὶ
752 1630 1013 1685 Σώστρατος
1053 1632 1354 1702 διαδεξάμενοι
1387 1633 1560 1677 Ικέταν
1616 1641 1646 1681 7

168 1686 288 1788 οῦτίω
317 1688 450 1735 πάλιν
485 1693 816 1746 προκαλοῦνται
847 1688 1037 1745 Πύῤῥον
1075 1688 1156 1733 τόν
1184 1690 1366 1747 βασιλέα
1394 1693 1455 1743 εἰς
1483 1694 1560 1735 Σι-
1588 1699 1646 1740 20

167 1749 242 1791 κέλ
263 1762 329 1789 αν.

269 1801 378 1846 “On
426 1807 709 1872 Μαμερτῖνοι
755 1804 799 1846 οῖ
844 1804 1131 1871 Μεσσηνίους
1178 1801 1562 1876 δολοφονήσαντες
1618 1811 1648 1850 8

166 1860 415 1914 συμμαχίαν
443 1876 549 1916 μετα
580 1860 902 1932 Καρχηδονίων
932 1857 1192 1915 ποιήσαντες
1223 1860 1403 1915 ε’κριναν
1432 1865 1563 1920 κοινῇ

167 1915 428 1960 διακωλύειν
461 1917 648 1973 Πῦρρου
677 1916 758 1970 τὴν
787 1918 848 1967 είς
878 1892 1090 1960 Σικελίαν
1127 1915 1352 1972 διάβασιν·
1397 1921 1562 1963 Τυνδα-
1592 1920 1648 1967 25

166 1974 276 2027 ρίων
314 1973 360 2016 δὲ
408 1972 431 2017 6
473 1976 777 2031 Ταυρομενίας
818 1972 1041 2028 τύραννος
1079 1973 1220 2017 ε’κλινε
1258 1974 1373 2046 πρός
1412 1975 1562 2030 αυτόν,

165 2030 242 2072 καὶ
284 2028 458 2086 ε’τοιμος
493 2033 550 2089 ἡν
581 2031 791 2084 δέξασθαι
830 2035 886 2089 τῇ
915 2029 1040 2075 πόλει
1068 2030 1146 2083 τὰς
1177 2029 1270 2089 μετ’
1303 2031 1445 2077 αυτοῦ
1475 2035 1563 2079 δυ-

166 2102 329 2157 ναμεις.

269 2142 368 2193 ’Ότι
398 2142 698 2202 Καρχηδόνιοι
740 2147 989 2201 συμμαχίαν
1023 2142 1285 2200 ποιήσαντες
1324 2160 1430 2199 μετα
1462 2144 1562 2190 ‘-Pco
1618 2151 1649 2190 9

101 2201 314 2255 496μαίων
342 2204 660 2254 πεντακοσίους
699 2202 868 2273 ἄνδρας
896 2202 1056 2259 ἔλαβον
1094 2204 1154 2253 είς
1181 2203 1259 2255 τὰς
1288 2203 1401 2271 ἰδίας
1429 2207 1564 2255 ναῦς·
1593 2208 1651 2249 30

170 2258 245 2300 καὶ
274 2261 335 2308 εἰς
361 2259 412 2302 τὸ
437 2257 613 2331 Ῥήγιον
625 2258 802 2330 διαβαι
804 2276 871 2311 τες
887 2259 1150 2328 προςβολάς
1185 2258 1448 2329 ποιούμενοι
1484 2265 1563 2317 τῆς

170 2315 250 2370 μὲν
277 2319 534 2372 πολιορκίας
552 2315 817 2376 ἀπέστησαν,
845 2314 927 2377 τήν
943 2317 990 2361 δὲ
1011 2317 1425 2376 παρεσκευασμένην
1453 2318 1566 2376 ὕλην

308 2441 368 2477 95.
388 2442 531 2482 οἰκίσας
553 2442 685 2481 Rhod„
713 2441 869 2488 οἰκήσας
889 2443 928 2477 Η
1063 2441 1121 2476 96
1146 2438 1258 2490 αὕτη]
1284 2439 1380 2488 αὐτὴ
1405 2443 1442 2477 H

309 2502 363 2524 πα
364 2488 618 2533 ραθαλάσσιος
639 2489 757 2524 Rhod.
767 2515 777 2529 ,
778 2457 1134 2533 ηπαραθαλασσιόἰκς
1167 2490 1205 2523 H
1391 2488 1450 2523 97.
1473 2501 1566 2529 τους

171 2535 303 2577 Rho-d,
328 2536 392 2570 καὶ
413 2549 502 2576 τους
525 2536 561 2569 H
678 2535 712 2569 8.
741 2536 783 2572 τὸ
801 2536 931 2575 Rhod.
956 2536 1008 2580 τῷ
1031 2536 1068 2570 Η
1175 2536 1233 2569 ll.
1256 2536 1411 2582 κτίστωρ
1432 2536 1563 2577 Rhod„

171 2580 313 2625 κτήτωρ
337 2583 374 2616 Η
467 2583 524 2617 13.
548 2583 800 2626 κυνηγοῦντος
821 2583 960 2619 Rhod.,
988 2582 1224 2624 κυνηγοῦντα
1247 2582 1284 2616 Η
1425 2583 1482 2615 16.
1507 2580 1564 2616 ἐν-

171 2627 252 2671 νέα]
277 2627 316 2663 θ’
347 2629 382 2662 Η
506 2628 741 2672 Συρακόσας]
777 2626 1024 2674 Συρακούσης
1048 2629 1165 2661 led.
1300 2628 1356 2661 17.
1383 2627 1564 2671 Μαμέως]

173 2674 339 2718 ,Μαμέων
361 2676 410 2716 H,
436 2676 625 2720 Μαμμέως
649 2677 766 2710 Rhod.
914 2675 972 2707 20.
995 2674 1285 2717 προκαλοῦνται]
1321 2675 1430 2708 immo
1454 2687 1564 2717 προς-

175 2723 374 2756 καλοῦνται
512 2722 569 2756 2.2
595 2723 828 2764 Μεσσηνίους
845 2720 1169 2765 ὁολοφονήσαντες
1192 2721 1332 2759 Rhod.,
1364 2721 1564 2767 Μεσσήνην

174 2767 500 2823 δολοφονήσαντας
523 2770 560 2802 Π
696 2768 754 2802 24.
789 2767 945 2813 Πύ’“ου
970 2769 1109 2805 Rhod.
1144 2765 1299 2810 Πύρῤον
1328 2768 1365 2800 Η
1505 2767 1564 2802 26.

176 2814 355 2858 δέξασθαι
377 2816 520 2855 Rhod.,
543 2814 645 2857 δέξαι
669 2816 705 2848 Η
818 2816 876 2851 29.
877 2782 1182 2857 ε’πεντ()ικοσιόυς]
1208 2813 1246 2857 φ’
1272 2814 1308 2849 H

267 2862 349 2897 496.
373 2862 431 2896 31.
463 2860 530 2907 μὲν
553 2866 633 2898 ante
656 2857 875 2926 ποιούμενοι
899 2862 992 2906 (1.6.
1013 2859 1277 2907 ποιησάμενοι)
1302 2858 1400 2905 ponit
1425 2860 1461 2898 H
