1968 3346
434 164 491 204 88
565 159 866 202 EXCERPTA
893 149 972 201 m:
996 158 1147 202 VIRT.
1175 158 1253 201 ΕΤ
1284 157 1701 202 v1T.1..v1.—x.

432 269 635 327 Ἀμάσιος
662 273 745 314 τοῦ
774 270 992 327 πρότερον
1021 269 1381 341 βεβασιλευκότος
1408 269 1555 326 τάφον
1573 253 1831 324 ἀνέσκαψεν.

436 328 581 381 εὑρών
612 327 658 371 65
688 328 735 371 ἐν
762 332 815 384 τῇ
846 328 963 386 θήκη
997 329 1075 371 τὸν
1110 328 1270 380 νεκρόν
1303 327 1659 382 τεταριχευμένου
1697 328 1747 371 τό
1788 345 1833 372 τε

358 385 411 429 15
441 390 568 439 σῶμα
607 387 688 427 τοῦ
726 384 1078 440 τετελευτηκότος
1121 385 1303 454 ήκίσατο
1333 385 1407 427 καὶ
1435 389 1582 427 πᾶσαν
1611 383 1743 440 ν’βριν
1773 386 1834 435 εἰς

436 443 516 484 τὸν
542 438 638 485 ιούκ
682 441 1006 510 αἰσθανόμενον
1041 440 1386 510 εἰςενεγκάμενος
1422 445 1669 484 τελευταῖον
1704 455 1834 495 προς-

440 497 557 549 {vage
594 503 868 541 κατακαῦσαι
904 497 983 541 τὸν
1023 496 1196 551 νεκρόν.
1239 495 1325 540 οὐκ
1365 496 1586 540 εἰωθότων
1613 496 1698 552 γάρ
1727 498 1835 550 πυρὶ
1914 542 1926 563 a

439 552 736 623 παραδιδόναι
767 559 857 598 τῶν
885 554 1104 609 ἐγχωρίων
1132 553 1185 596 τὰ
1214 554 1393 608 σώματα
1421 570 1510 596 των
1537 554 1832 609 τετελευτηκό-
1813 564 1900 600 -557

441 626 553 664 των,
580 609 858 679 ὑπελάμβανε
887 612 960 654 καὶ
991 610 1064 654 διὰ
1092 610 1254 653 τούτου
1282 614 1364 654 τοῦ
1393 610 1562 666 τρόπου
1590 611 1836 668 πλημμελη-

359 671 416 714 20
445 678 538 717 σειν
566 666 645 709 τὸν
675 667 809 712 πάλαι
837 666 1268 737 προτετελευτηκότα.

543 722 642 767 Ὀτι
674 722 932 794 Καμβύσης
975 723 1141 793 μέλλων
1189 721 1440 794 στρατεύειν
1484 722 1552 767 ἐπ’
1594 723 1838 766 Λοθιοπίαν

442 780 604 836 {news
633 779 763 835 μέρος
800 785 875 849 τῆς
913 779 1141 834 δυνάμεως
1179 778 1248 822 ἐπ’
1273 779 1570 835 Ἀμμωνίους,
1597 778 1838 835 προςτάξας

444 842 536 888 τοῖς
559 837 741 893 ἡγεμόσι
769 836 818 879 τὸ
849 842 1053 891 μαντεῖον
1083 836 1356 902 συλησαντας
1387 836 1626 891 ἐμπρῆσαι,
1658 837 1764 888 τούς
1793 852 1838 880 τε

360 901 415 944 25
444 897 776 965 περιοικοῦντας
803 893 853 937 τὸ
879 892 999 946 ιερὸν
1029 890 1224 944 α’πάντας
1253 893 1722 948 ἐξανδραποδίσασθαι

545 949 646 992 Ὀτι
671 951 813 993 Λυδοί
840 966 953 1000 τινες
977 948 1218 1020 φεύγοντες
1237 966 1317 1005 την
1336 949 1541 1004 Ὀροίτου
1570 953 1653 992 τοῦ
1683 947 1838 1002 σατρά-

445 1020 536 1050 που
576 1008 839 1078 δυναστείαν
885 1005 1181 1050 κατέπλευσαν
1217 1007 1278 1057 εἰς
1316 1005 1475 1062 Σάμον
1510 1006 1615 1061 μετὰ
1661 1009 1840 1050 πολλῶν

442 1061 679 1132 χρημάτων
715 1079 790 1106 και
824 1067 906 1107 τοῦ
946 1063 1265 1132 Πολυκράτους
1306 1063 1443 1107 ἱκέται
1482 1062 1696 1118 ἐγένοντο.
1737 1061 1759 1106 6
1795 1061 1841 1105 65

360 1128 417 1169 30
446 1119 496 1163 τὸ
526 1119 607 1175 μὲν
635 1135 813 1174 πρωτον
844 1118 1006 1170 αυτούς
1030 1118 1322 1189 φιλοφρόνως
1346 1119 1610 1171 ὑπεδέξατο,
1640 1118 1725 1176 μετ’
1755 1116 1841 1162 ὀλί-

443 1192 527 1232 γον
548 1176 594 1219 65
614 1177 780 1228 πάντας
803 1175 1060 1248 ἀποσφάξας
1075 1181 1163 1220 τῶν
1177 1175 1412 1246 χρημάτων
1429 1175 1657 1246 ἐγκρατής
1663 1177 1842 1246 ἐγένετο.

549 1233 646 1276 ΓὈτι
679 1233 889 1302 Θετταλος
918 1233 941 1277 ὁ
976 1235 1297 1304 Πεισιστράτου
1335 1233 1433 1284 υἱὸς
1462 1231 1603 1289 σοφός
1631 1232 1843 1301 ὑπάρχων

447 1289 658 1334 ἀπείπατο
689 1291 769 1346 τὴν
806 1292 1070 1360 τυραννίδα,
1108 1293 1183 1334 καὶ
1219 1290 1297 1347 τήν
1337 1290 1515 1345 ἰσότητα
1555 1288 1746 1359 ζηλώσας
1774 1305 1843 1344 με·

363 1353 418 1394 35
446 1347 584 1417 γάλης
611 1344 829 1403 ἀποδοχῆς
865 1346 1043 1419 ἠξιοῦτο
1079 1347 1200 1402 παρὰ
1235 1352 1327 1398 τοῖς
1357 1349 1573 1397 πολίταις·
1616 1363 1660 1389 οι
1697 1346 1742 1390 65
1771 1345 1843 1388 ἄλ-

446 1408 542 1456 λοι,
562 1402 799 1473 Ίππαρχος
827 1405 900 1447 καὶ
922 1403 1115 1456 Ἱππίας,
1152 1406 1290 1460 βίαιοι
1319 1406 1393 1447 καὶ
1421 1403 1599 1459 χαλεποὶ
1627 1405 1845 1446 καθεστῶ-

446 1476 514 1510 τες
555 1459 829 1513 ἐτυράννουν
876 1465 950 1517 τῆς
991 1459 1168 1511 πόλ.εως
1211 1460 1351 1504 πολλά
1387 1461 1434 1504 δὲ
1483 1463 1846 1528 παρανομοῦντες

448 1519 511 1568 εἰς
539 1516 645 1568 τοὺς
669 1517 952 1588 Ἀθηναίους,
984 1519 1058 1560 καί
1086 1533 1203 1568 τινος
1245 1519 1476 1571 μειρακίου
1508 1516 1733 1571 διαφόρου
1761 1532 1844 1570 την

447 1573 551 1622 ὄψιν
568 1574 805 1646 Ίππαρχος
835 1573 1060 1643 ἐρασθείς,
1094 1574 1167 1617 δια
1195 1578 1328 1617 τοῦτο
1357 1573 1676 1617 ἐκινδύνευσεν
1707 1591 1734 1628 η
1765 1573 1845 1627 μὲν

366 1633 422 1676 40
452 1633 535 1673 οὐν
573 1629 639 1674 ἐπὶ
675 1631 780 1681 τοὺς
820 1629 1067 1684 τυράννους
1105 1631 1297 1681 ἐπίθεσις
1336 1631 1410 1674 καὶ
1445 1628 1473 1686 ἡ
1512 1629 1626 1684 πρὸς
1661 1629 1751 1699 τὴν
1767 1632 1846 1684 τῆς

448 1689 664 1741 πατρίδος
706 1687 957 1757 ἐλευθερίαν
999 1687 1168 1743 σπουδή
1213 1704 1347 1755 κοινη
1381 1704 1470 1731 των
1517 1684 1845 1741 προειρημένων

446 1743 642 1800 υπῆρξεν
670 1743 869 1814 ἀνδρῶν·
899 1762 925 1801 η
958 1744 1004 1787 65
1034 1744 1081 1786 ἐν
1109 1749 1204 1795 ταῖς
1233 1743 1444 1799 βασάνοις
1473 1743 1742 1798 παράστασις
1770 1746 1846 1798 τῆς

447 1805 590 1856 ψυχῆς
620 1802 696 1844 καὶ
723 1801 773 1844 τὸ
802 1801 1060 1855 καρτερικὸν
1087 1805 1164 1856 τῆς
1192 1805 1282 1844 τῶν
1312 1803 1466 1844 δεινῶν
1487 1800 1715 1855 ὑπομονῆς
1744 1800 1846 1853 περὶ

447 1857 591 1924 μόνον
625 1856 808 1914 ἐγενήθη
849 1857 927 1900 τὸν
955 1856 1322 1926 Ἀριστογείτονα,
1363 1856 1411 1908 ὃς
1449 1857 1497 1900 ἐν
1527 1862 1618 1908 τοῖς
1649 1858 1846 1926 φοβερω-

366 1919 421 1960 45
450 1913 597 1965 τάτοις
624 1920 795 1968 καιροῖς
825 1913 916 1957 δύω
937 1915 1114 1970 μέγιστα
1146 1913 1397 1970 διετήρησε,
1426 1913 1506 1969 τήν
1530 1930 1575 1957 τε
1604 1912 1715 1968 πρὸς
1744 1911 1846 1963 τούς

451 1973 611 2041 φίλους
639 1973 785 2015 πίστιν
813 1987 887 2014 και
915 1988 996 2026 την
1025 1971 1137 2024 πρὸς
1165 1971 1270 2022 τούς
1299 1970 1485 2026 ἐχθρούς
1512 1972 1739 2039 τιμωρίαν.

552 2027 651 2071 “On
706 2029 1067 2097 τυραννουμένης
1102 2032 1192 2097 τῆς
1241 2029 1454 2081 πατρίδος
1500 2025 1587 2070 υπὸ
1635 2025 1845 2095 Νεάρχου

451 2088 684 2154 σκληρῶς.
722 2084 962 2154 ἐπιβουλην
1002 2101 1114 2128 κατα
1161 2087 1242 2127 τοῦ
1280 2083 1506 2138 τυράννου
1541 2082 1844 2152 κατεστήσατο.

368 2143 423 2186 50
451 2157 711 2211 καταφανής
740 2141 786 2184 65
814 2142 1058 2211 γενόμενος,
1089 2142 1163 2185 καὶ
1191 2140 1301 2184 κατὰ
1330 2158 1407 2191 τ-ας
1436 2140 1484 2184 ἐν
1512 2146 1610 2191 ταῖς
1637 2138 1848 2197 βασάνοις

449 2196 646 2253 ἀνάγκας
686 2197 1010 2253 διερωτώμενος
1049 2197 1136 2241 ὑπὸ
1175 2202 1257 2241 τοῦ
1286 2197 1493 2268 Νεάρχου
1520 2198 1634 2248 τίνες
1661 2198 1774 2265 ἦσαν
1804 2212 1848 2239 οι

449 2254 716 2306 συνειδότες,
754 2255 953 2310 Ώφελον
989 2253 1094 2308 γάρ,
1134 2254 1319 2311 ἔφησεν,
1363 2254 1504 2322 ώςπερ
1542 2270 1617 2309 της
1657 2251 1849 2321 γλώττης

452 2312 538 2366 εἰμὶ
575 2311 753 2366 κύριος,
796 2311 937 2362 ου’τως
973 2311 1172 2380 ὑπῆρχον
1209 2312 1283 2355 καὶ
1319 2315 1398 2354 τοῦ
1437 2309 1652 2365 σώματος.
1691 2312 1772 2352 τοῦ
1802 2309 1849 2352 δὲ

450 2368 674 2422 τυράννου
704 2367 818 2411 πολὺ
846 2372 1014 2437 μᾶλλον
1042 2374 1137 2419 ταῖς
1177 2366 1390 2423 βασάνοις
1427 2368 1849 2421 προςεπιτείναντος,

368 2429 423 2472 55
455 2423 479 2469 6
521 2424 676 2479 Ζήνων
720 2424 842 2479 μέχρι
877 2424 959 2478 μέν
995 2441 1115 2475 τινος
1155 2424 1436 2493 διεκαρτέρει·
1476 2439 1583 2479 μετα
1623 2424 1670 2466 65
1709 2426 1848 2466 ταῦτα

451 2480 657 2525 σπεύδων
697 2481 980 2535 α’πολυθηναί
1018 2496 1123 2525 ποτε
1161 2485 1246 2550 τῆς
1274 2480 1465 2549 ἀνάγκης
1493 2481 1567 2523 καὶ
1598 2478 1689 2535 ἅμα
1716 2495 1850 2546 τιμω-

451 2536 673 2608 ρήσασθαι
710 2537 789 2580 τὸν
803 2537 1054 2605 Νέαρχον,
1091 2536 1356 2594 ἐπενοήσατό
1395 2554 1437 2580 τι
1476 2541 1695 2580 τοιοῦτον.
1735 2551 1848 2578 κατα

456 2611 538 2651 την
574 2591 894 2651 ἐπιτονωτάτην
933 2593 1130 2637 ἐπίτασιν
1173 2599 1248 2652 τῆς
1295 2592 1498 2650 βασάνου
1535 2592 1848 2649 προςποιηθεὶς

1934 1688 1946 1722 «τ

1935 1723 1947 1774 J,

545 2683 626 2720 557.
649 2683 706 2719 26.
728 2680 900 2729 Ὀροίτου
927 2685 1025 2718 ue„
1021 2685 1198 2739 elingius,
1222 2683 1373 2727 Ορίτου
1398 2685 1427 2717 V
1581 2683 1638 2717 47.
1662 2682 1748 2727 περι
1777 2679 1847 2726 Ζή-

454 2743 574 2772 νωνος
605 2732 651 2812 gd
683 2730 879 2778 marginem
912 2731 1055 2777 apponit
1082 2734 1107 2767 V
1272 2731 1329 2772 55
1365 2730 1530 2768 {naccam
1556 2731 1734 2773 salesius,
1773 2727 1847 2764 ἐπί-

454 2790 578 2814 σταοιν
