1968 3346
655 773 707 816 L.
780 773 821 817 X
856 773 899 817 X
933 773 989 817 V.

228 938 327 983 “On
366 939 412 982 οἱ
450 935 745 1007 Καρχηδόνιοι
787 938 886 993 περι
931 939 1006 994 τῆς
1046 938 1250 988 Σικελίας
1300 938 1516 994 μεγάλους

84 1030 86 1032 ψ
128 995 300 1068 ἀγῶνας
317 996 390 1039 καὶ
415 994 653 1045 κινδύνους
673 993 1011 1049 ὑπομείναντες,
1041 1011 1116 1037 και
1138 996 1249 1047 πρὸς
1274 992 1516 1048 Ῥωμαίους

125 1055 265 1096 εἴκοσι
304 1053 482 1105 τέτταρα
518 1069 589 1107 ετη
623 1055 814 1121 συνεχῶς
853 1051 1267 1120 διαπολειιήσαντες,
1309 1051 1362 1095 οὐ
1401 1059 1513 1107 τηλι·

84 1132 92 1183 3
126 1110 300 1153 κούτων
336 1107 632 1178 ἐπειράθησαν
656 1106 956 1177 ἀτυχημάτων
995 1107 1113 1151 ὅσων
1149 1106 1173 1151 ὁ
1210 1108 1397 1179 πόλεμος
1435 1109 1512 1152 αὐ
1546 1117 1625 1157 100

85 1187 96 1213 ι,
127 1170 217 1216 τοῖς
248 1167 386 1216 α’ίτιος
423 1167 614 1220 ὑπῆρξεν
645 1162 667 1207 ὁ
705 1164 814 1218 πρὸς
852 1164 957 1215 τούς
996 1163 1283 1234 ἀδικηθέντας
1315 1164 1396 1208 ὑπ’
1438 1165 1511 1208 αὐ-

123 1226 214 1265 τῶν
252 1222 574 1291 μισθοφόρους.
618 1219 990 1292 ἀποστερήσαντες
1017 1222 1110 1293 γὰρ
1151 1221 1256 1272 τοὺς
1286 1220 1511 1293 ὀφειλομέ-

121 1295 230 1330 νους
270 1278 460 1334 μισθούς
495 1283 588 1329 τοῖς
629 1277 883 1322 ἀλλοεθνέσι
921 1277 1029 1332 παρ’
1072 1277 1222 1346 ὀλίγον
1258 1277 1393 1334 αὐτῆς
1435 1283 1512 1347 τῇς

16 1348 20 1361 '
80 1363 82 1372 ›
118 1335 353 1407 ἡγεμονίας
390 1336 478 1392 άμα
509 1336 582 1378 καὶ
618 1339 695 1390 τῆς
734 1337 945 1390 πατρίδος
981 1333 1291 1404 ἐστερήθησαν.
1345 1337 1388 1378 οἱ
1422 1335 1509 1390 γάρ

120 1392 404 1463 ἀδικηθέντες
454 1391 732 1448 μισθοφόροι
783 1396 1046 1448 παραχρῆμα
1095 1390 1362 1443 ἀποστάντες
1414 1397 1508 1443 ταῖς
1567 1398 1593 1438 5

36 1461 41 1473 “
76 1482 79 1494 ,
115 1448 313 1522 ἐσχάταις
341 1453 590 1504 συμφοραῖς
619 1449 888 1520 περιέβαλον
908 1449 987 1504 τὴν
1018 1447 1291 1504 Καρχηδόνα.

37 1517 41 1531 Χ
219 1505 321 1549 ‘'On
359 1507 402 1549 οῖ
432 1504 725 1561 Καρχηδόνιοι
763 1505 1064 1557 ἐξαπέστειλαν
1100 1505 1211 1559 πρὸς
1251 1504 1357 1555 τοὺς
1396 1503 1508 1548 ἀπο-

9 1606 12 1617 ,
36 1606 42 1611 ,
66 1590 73 1621 ,-'
118 1562 301 1613 στάντας
332 1562 526 1632 κήρυκα,
564 1562 644 1616 τὴν
671 1566 758 1605 τῶν
767 1566 956 1631 νεκρῶν
985 1560 1210 1615 ἀναίρεσιν
1241 1559 1504 1632 αἰτουμένοι.

7 1632 36 1666 ,’
118 1622 164 1664 οἷ
192 1619 238 1662 δὲ
267 1620 365 1674 περὶ
392 1618 470 1662 τὸν
495 1618 725 1661 Σπόνδιον
753 1617 961 1675 ηγεμόνες
990 1619 1270 1670 ἐπιτείνοντες
1290 1618 1370 1673 τὴν
1400 1617 1505 1661 ἀπο·
1539 1624 1592 1666 10

12 1674 18 1686 ”
115 1677 332 1745 θηρίωσιν
362 1674 416 1718 οὕ
446 1675 594 1744 μόνον
615 1673 817 1719 ἀντεῖπον
852 1677 952 1729 περὶ
979 1680 1057 1731 τῆς
1088 1680 1252 1745 ταφῆς,
1292 1674 1400 1717 ἀλλα
1431 1675 1506 1718 καὶ

15 1740 65 1779 ‚p
114 1731 467 1802 διήπειλήσαντο
490 1731 639 1799 μηκέτι
667 1731 859 1800 πέμπειν
895 1733 1061 1786 μηδένα
1090 1731 1261 1787 κήρυκα
1297 1732 1397 1785 περὶ
1427 1748 1505 1787 μη-

68 1814 73 1823 ι
114 1789 242 1840 δενός
270 1788 382 1842 πρὸς
412 1785 600 1840 αὐτούς,
645 1786 705 1838 ὠς
733 1793 809 1842 τῆς
840 1788 980 1858 αὐτῆς
1010 1789 1230 1839 κολάσεως
1267 1788 1504 1844 γενομένης

0 1861 41 1904 ης,
70 1869 73 1890 κ
112 1849 175 1901 τῷ
202 1843 556 1915 παραγενομένῳ.
607 1846 667 1894 εἰς
698 1845 744 1887 δὲ
772 1844 821 1888 τὸ
855 1844 1013 1888 λοιπὸν
1049 1845 1377 1915 ἐνομοθέτησαν
1414 1849 1503 1886 τῶν

2 1919 26 1949 .“
70 1910 74 1950 ς’
112 1890 394 1972 αἰχμαλώτων
430 1901 534 1951 τοὺς
573 1916 652 1955 μεν
681 1903 1014 1957 Καρχηδονίους
1051 1906 1128 1956 τῆς
1166 1900 1300 1958 αὐτῆς
1327 1900 1502 1951 τούτοις
1535 1910 1588 1949 10

28 1961 71 1991 ²
112 1956 265 2010 ἀξιοῦν
302 1959 534 2013 τιμωρίας,
578 1958 680 2007 τοὺς
731 1959 778 2001 δὲ
820 1962 1158 2014 συμμαχοῦντας
1192 1964 1283 2009 τοῖς
1332 1959 1503 2009 Φοίνιξι

21 2049 40 2076 ε.
70 2018 78 2063 ἰ
109 2020 380 2086 χειροκοπεῖν
409 2015 483 2058 καὶ
512 2013 696 2068 πέμπειν
723 2013 1166 2087 η’κρωτηριασμένους
1195 2016 1255 2065 εἰς
1283 2031 1365 2083 την
1386 2018 1502 2067 Καρ-

5 2109 38 2130 s,
72 2097 78 2119 ς
109 2071 286 2144 χηδόνα.
326 2073 370 2114 οῖ
410 2071 487 2126 μὲν
529 2087 613 2113 ουν
653 2073 753 2126 περὶ
792 2071 871 2114 τὸν
909 2071 1138 2114 Σπόνδιον
1177 2070 1385 2127 ἡγεμόνες
1428 2072 1501 2114 διὰ

108 2133 187 2184 τῆς
224 2127 449 2184 εἰρημένης
494 2124 692 2183 ἀσεβείας
733 2129 808 2172 καὶ
854 2127 1076 2184 ω’μότητος
1114 2127 1380 2195 υπετέμοντο
1420 2127 1501 2183 τὴν

0 2225 1 2232 ,
32 2220 39 2230 .
108 2185 183 2229 διὰ
221 2189 297 2254 τῆς
335 2186 672 2255 φιλανθρωπίας
710 2187 973 2254 στρατηγίαν
1010 2189 1092 2227 τοῦ
1130 2184 1294 2239 Βάρκα.
1339 2188 1500 2227 τοῦτον
1529 2192 1584 2232 20

64 2253 66 2256 '
107 2241 188 2311 τόν
221 2240 388 2311 τρόπον
424 2240 628 2294 Ἀμίλκας
667 2240 1068 2296 δυςχρηστούμενος
1097 2246 1159 2311 τῆ
1199 2240 1389 2297 ω’μότητι
1425 2241 1499 2309 καὶ

109 2296 243 2348 αὐτὸς
279 2296 544 2353 ἠναγκάζετο
583 2300 660 2353 τῆς
689 2300 1025 2368 φιλανθρωπίας
1063 2315 1143 2354 μεν
1180 2303 1258 2353 τῆς
1297 2301 1356 2348 εἰς
1395 2297 1499 2347 τοὺς

108 2356 407 2410 αἰχμαλώτους
436 2354 701 2423 ἀποστηναι,
751 2371 829 2411 την
866 2355 911 2397 δε
949 2357 1163 2410 τιμωρίαν
1191 2356 1500 2410 παραπλησίαν

107 2411 347 2454 ἐπιτιθέναι
386 2416 478 2460 τοῖς
511 2409 797 2455 ὑποπεσοῦσι.
846 2411 1000 2464 διόπερ
1039 2411 1142 2462 τούς
1165 2412 1498 2483 ἁλισκομένους

106 2467 374 2522 αἰκιζόμενος
410 2469 698 2540 παρερρίπτει
728 2473 821 2519 τοῖς
849 2470 1050 2524 θηρίοις,
1091 2467 1176 2525 ὑφ’
1212 2485 1276 2513 ων
1303 2483 1492 2513 καταπα-
1522 2467 1576 2510 25

102 2523 311 2581 τούμενοι
338 2529 516 2579 πικραῖς
542 2526 770 2580 τιμωρίαις
798 2526 1090 2581 περιέπιπτον.

194 2637 276 2672 566.
300 2637 358 2673 98.
384 2636 499 2672 εἴκοσι
521 2636 692 2693 τέτταρα]
715 2636 771 2675 κδ’
795 2639 828 2672 V

195 2684 276 2718 567.
300 2685 335 2717 2.
371 2680 587 2718 ἀλλοεθνέσι
609 2686 641 2717 V
780 2684 837 2719 13.
869 2684 1081 2730 γενομένης]
1106 2687 1215 2720 immo
1236 2682 1492 2729 γενησομένης

105 2729 172 2764 :fisi
194 2731 283 2763 hacc
306 2732 403 2763 aetas
424 2730 601 2773 participii
623 2730 730 2764 etiam
753 2733 874 2766 aoristi
892 2745 956 2777 pro
984 2734 1103 2766 futuro
1127 2733 1266 2787 perinth
1289 2736 1328 2765 ut
1351 2731 1493 2763 coniun-

106 2776 191 2810 ctivi
212 2787 314 2810 usum
336 2776 435 2809 tulit·
467 2777 557 2809 conf.
582 2776 674 2809 enim
697 2780 779 2812 Exc.
797 2779 876 2845 vag.
899 2791 931 2822 p.
951 2778 1007 2814 68.
1033 2779 1068 2812 9.
1092 2777 1160 2822 τήν
1182 2776 1381 2833 γενομένην
1401 2774 1493 2821 βοή-

106 2824 218 2858 θειαν
235 2820 579 2868 ψυχαγωγούμενοι,
596 2822 681 2857 ibid.
697 2824 1131 2871 μ.16.22..προςπέμψας
1150 2822 1238 2865 τούς
1254 2823 1494 2867 πυθομένους
