1968 3346
344 206 643 251 EXCERPTA
672 206 960 250 VATICANA
987 205 1275 249 1..V11.—-x.
1453 210 1511 252 39

124 337 199 365 ναι
233 317 344 374 πρὸς
373 316 735 387 ἐπιτετευγμὲνον
778 315 1039 389 αρχέτυπον
1064 316 1419 387 παραβάλωνται.
1463 319 1512 361 αἴ

123 377 212 446 μὲν
232 393 316 419 ουν
354 373 480 419 α’λλαι
507 378 712 442 γυναῖκες
749 372 832 418 κᾶν
870 372 1068 429 φανερόν
1096 391 1137 417 τι
1166 378 1255 417 των
1292 373 1509 418 τοιούτων

85 442 91 446 ”
123 431 343 503 πράξωσι,
385 429 741 484 κατακρύπτουσι
781 429 829 474 τὸ
863 430 1148 473 συντελεσθὲν
1187 428 1508 501 εὐλαβούμεναι

123 491 203 547 τὴν
230 488 339 543 ὑπὲρ
369 490 459 530 τῶν
497 485 818 556 ἁμαρτημάτων
845 488 1081 557 τιμωρίαν
1125 484 1150 542 ἡ
1192 487 1238 530 δὲ
1276 487 1326 530 τὸ
1332 486 1506 559 λάθρᾳ

123 547 319 617 πραχθὲν
364 543 580 599 ποιήσασα
617 543 880 616 περιβόητον
921 541 1171 612 απέσφαξεν
1209 542 1392 614 ἑαυτήν,
1431 544 1506 587 καὶ
1536 543 1563 586 5

123 603 204 675 τὴν
231 605 312 646 τοῦ
341 602 444 670 βίου
473 599 675 656 τελευτὴν
704 601 936 671 καλλίστην
963 598 1074 670 ὑπερ
1109 597 1243 654 αὐτῆς
1264 599 1506 655 ἀπολογίαν

123 659 320 708 ἀπέλιπε·
355 657 430 700 καὶ
457 660 545 699 τῶν
574 657 721 699 ἄλλων
749 656 815 703 ἐπὶ
847 660 933 698 τῶν
953 654 1175 701 ἀκουσίων
1203 655 1284 712 τήν
1313 657 1506 711 συγγνώ-

14 741 17 766 ς
124 732 210 773 μην
225 712 592 785 προβαλλομένων
623 712 734 769 αὕτη
760 729 845 784 την
868 711 973 767 μετὰ
994 714 1092 768 βίας
1114 712 1250 767 ὕβριν
1272 712 1504 768 ἐτιμήσατο

14 767 17 798 ¹,
70 771 346 822 86θανάτου,
376 771 448 813 ἳνα
475 768 578 825 μηδ’
609 772 650 813 εἴ
672 787 735 820 τις
755 769 950 825 ἐπιθυμῇ
978 773 1251 840 βλασφημεῖν
1278 769 1358 825 τὴν
1387 769 1505 821 ἐξου-

127 831 228 873 σίαν
263 828 352 883 ε’χοι
389 831 649 896 κατηγορεῖν
696 830 772 895 τῆς
809 826 1105 880 προαιρέσεως
1146 825 1352 877 ἑκουσίου
1391 842 1502 881 γεγε-
1512 830 1563 870 10

124 883 330 952 νημένης·
352 887 441 927 τῶν
459 883 543 952 γὰρ
564 881 819 938 ανθρώπων
839 881 971 938 φύσει
985 882 1061 933 τὰς
1075 881 1333 937 λοιδορίας’
1316 884 1506 930 επαίνων

124 938 440 1014 προτιμώντων
477 956 557 995 την
593 943 682 982 τῶν
725 941 958 1008 φιλαιτίων
993 937 1186 988 ἀπέκοψε
1224 941 1507 1008 κατηγορίαν,

128 997 310 1053 αἰσχρὸν
348 1001 461 1040 εῖναι
492 998 732 1065 νομίζουσα
769 1012 855 1040 των
895 993 1039 1038 α’λλων
1079 997 1214 1043 εἰπεῖν
1253 1012 1354 1038 τινα
1394 995 1508 1065 διότι

128 1059 288 1108 ζῶντος
329 1057 411 1095 τοῦ
450 1052 560 1094 κατα
599 1053 762 1108 νόμους
802 1055 1097 1122 συμβιοῦντος
1140 1049 1306 1107 ανδρὸς
1351 1051 1507 1106 ετέρου

125 1109 393 1179 παρανόμως
431 1107 662 1164 ἐπειράθη,
700 1109 775 1153 καὶ
803 1107 909 1152 καθ’
950 1110 1014 1152 ὠν
1050 1126 1093 1152 οι
1120 1108 1251 1164 νόμοι
1280 1113 1370 1159 τοῖς
1399 1124 1503 1161 πρα-
1512 1111 1565 1156 15

125 1169 223 1220 ξασι
261 1165 459 1209 θανατον
504 1166 677 1212 τιθέασι
725 1164 775 1210 τὸ
814 1163 1062 1235 πρόςτιμον
1093 1169 1266 1209 τοιοῦτο
1300 1169 1510 1211 παθοῦσα

126 1222 205 1267 τὸν
232 1224 364 1266 πλείω
393 1219 558 1277 χρόνον
587 1227 870 1292 φιλοψυχεῖν,
911 1224 985 1264 ι’να
1013 1220 1093 1266 τόν
1126 1239 1300 1272 παντως
1337 1219 1510 1277 ὀφειλό-

127 1296 261 1350 μενον
290 1279 410 1348 παρὰ
438 1282 513 1333 τῆς
545 1278 720 1333 φύσεως
742 1278 939 1322 θάνατον
963 1278 1106 1334 βραχὺ
1125 1282 1413 1334 προλαβοῦσα
1433 1282 1511 1334 τῆς

129 1336 339 1408 αἰσχύνης
369 1333 601 1391 ἀλλάξηται
629 1336 734 1386 τούς
763 1337 991 1404 μεγίστους
1021 1336 1239 1387 ἐπαίνους.
1270 1339 1509 1389 τοιγαροῦν

130 1392 185 1437 οὐ
215 1391 355 1449 μόνον
383 1395 555 1461 θνητοῦ
576 1394 680 1459 βίον
699 1391 831 1443 δόξαν
852 1390 1082 1437 αθοὶνατον
1113 1391 1564 1462 ἄντικατηλλάξατοΖΟ

129 1449 204 1494 δια
222 1454 307 1519 τῆς
319 1449 434 1499 ἰδίας
462 1447 639 1503 α’ρετῆς,
676 1446 784 1491 ἄλλα
814 1449 889 1491 καὶ
916 1448 1019 1499 τοὺς
1048 1454 1270 1519 συγγενεῖς
1299 1449 1373 1493 καὶ
1401 1464 1508 1491 πανι

128 1523 206 1557 τας
234 1505 334 1556 τοὺς
364 1507 545 1555 πολίτας
556 1506 862 1576 προετρέψατο
884 1508 1035 1561 λαβεῖν
1054 1503 1352 1574 απαραίτητον
1381 1521 1510 1562 τιμω-

130 1565 233 1618 ρίαν
261 1561 381 1617 παρὰ
409 1565 500 1605 τῶν
531 1563 591 1614 εἰς
603 1561 759 1623 αὐτην
787 1561 1208 1619 παρανομησάντων.

244 1675 374 1717 XLV.
410 1674 512 1717 Ὀτι
540 1673 728 1724 Λεύκιος
762 1672 1011 1728 Ταρκύνιος
1047 1674 1071 1719 ὁ
1109 1673 1314 1745 βασιλεὺς
1346 1690 1514 1729 τυρανι

130 1749 265 1783 νικως
293 1731 366 1774 καὶ
390 1730 582 1800 βιαίως’
564 1729 708 1785 α’ρχων
728 1747 816 1774 των
835 1735 1026 1774 πολιτῶν
1053 1732 1156 1782 τοὺς
1185 1730 1401 1787 εὐπόρους
1421 1731 1570 1776 των25

125 1788 352 1845 Ῥωμαίων
397 1785 552 1857 ἀνῄρει
595 1788 770 1838 ψευδεῖς
820 1787 1041 1857 ἐπιφέρων
1082 1790 1221 1840 αἰτίας
1249 1788 1396 1832 ἕνεκεν
1432 1791 1514 1832 τοῦ

133 1847 444 1915 νοσφίσασθαι
474 1861 551 1912 τας
589 1842 742 1893 οὐσίας
787 1843 945 1888 αὐτῶν
998 1843 1149 1900 διόπερ
1180 1844 1369 1897 Λεύκιος
1397 1842 1514 1889 Ἰού-

134 1920 230 1954 νιος
271 1899 471 1970 ὀρφανός
510 1900 571 1944 ὢν
606 1901 680 1946 καὶ
719 1899 900 1944 πάντων
926 1901 1150 1957 Ρωμαίων
1184 1900 1514 1952 πλουσιώτατος

135 1959 196 2004 δι’
228 1956 456 2014 ἀμφότερα
468 1956 565 2027 ,τὴν
593 1961 676 2001 τοῦ
703 1959 953 2011 Ταρκυνίου
975 1959 1226 2010 πλεονεξίαν
1242 1956 1512 2010 ὑπωπτευεν,

135 2015 404 2085 αδελφιδοῦς
422 2012 572 2060 αὐτοῦ,
597 2014 669 2056 καὶ
690 2012 797 2068 παρ’
822 2013 980 2057 ἕκαστα
1001 2019 1062 2074 τῷ
1085 2018 1256 2083 βασιλεῖ
1274 2014 1571 2069 σύνθοινος30
1612 2021 1615 2023 “

134 2069 436 2126 προςεποιήθη
456 2069 604 2125 μωρὸς
627 2068 760 2120 εἶναι,
790 2070 880 2125 ἅμα
911 2088 989 2126 μεν
1008 2061 1281 2143 βουλόμενος
1301 2071 1380 2114 τὸν
1401 2070 1512 2141 ὑπερ

135 2134 216 2174 τοῦ
247 2127 468 2172 δύνασθαί
499 2143 540 2169 τι
571 2125 749 2181 φθόνον
785 2126 1019 2179 ἐκκλίνειν,
1059 2126 1148 2183 ἁμα
1179 2128 1222 2172 δ’
1254 2126 1517 2184 ανυπονοή-

135 2203 221 2237 τως
255 2188 524 2239 παρατηρεῖν
553 2182 602 2225 τό
632 2182 933 2244 πραττόμενον
970 2184 1043 2231 καὶ
1072 2190 1164 2236 τοῖς
1193 2189 1270 2243 τῆς
1299 2187 1519 2243 βασιλείας

138 2240 393 2302 ἐφεδρεύειν
417 2244 602 2295 καιροῖς.

208 2413 243 2448 d
276 2367 334 2402 39
359 2366 394 2404 2
430 2363 610 2411 φανερὸν]
655 2372 934 2411 exspectaveram
978 2377 1161 2415 φανερως.
1215 2368 1300 2405 Mox
1337 2363 1544 2411 πράξωσιν

187 2425 206 2448 e
267 2415 369 2446 Rom.

279 2458 336 2493 39.
362 2459 393 2492 6.
435 2453 566 2511 αὐτῆς]
592 2452 708 2512 αὐτῆς
732 2458 785 2491 ed.
810 2459 912 2493 Rom.

279 2505 337 2538 39.
361 2505 394 2538 7-
429 2499 560 2558 ἄλλων]
587 2500 705 2537 ἄλλων
732 2504 806 2537 τῶν
831 2505 886 2537 ed.
913 2506 1014 2539 Rom.

279 2551 338 2585 39.
364 2551 396 2584 8.
430 2546 540 2593 αὕτη]
566 2545 662 2593 αὕτη
687 2550 740 2582 ed.
766 2552 867 2583 Rom.
893 2557 928 2582 et
950 2553 1031 2595 ipsa
1054 2550 1090 2585 in
1113 2549 1416 2597 interpretatione.

282 2597 339 2631 39.
433 2593 615 2650 ἐπιθυμῇ]
641 2597 757 2628 malim
781 2594 996 2640 ἐπιθυμοίη.

281 2643 338 2677 39.
368 2643 422 2676 10.
455 2640 544 2686 ε’χοι]
555 2642 644 2696 ἔχει
667 2641 721 2675 od.
748 2644 848 2675 Rom.

281 2689 338 2723 39.
368 2688 423 2722 15.
462 2690 528 2731 ων]
553 2701 595 2721 ον
621 2689 675 2721 ed.
700 2689 800 2720 Rom.

282 2735 418 2769 89-17.
449 2733 518 2768 τὸν
540 2735 650 2768 πλείω
675 2730 829 2776 χρόνον]
852 2745 926 2767 των
949 2733 1062 2768 πλείω
1086 2729 1228 2777 χρόνων
1252 2733 1307 2767 ed.
1332 2734 1434 2767 Rom.

283 2781 339 2814 39-
365 2781 422 2814 28.
455 2778 745 2821 πλουσιώτατος]
772 2781 898 2820 incipit
921 2781 1052 2813 codicis
1077 2794 1110 2824 p.
1131 2778 1211 2814 254.

282 2827 338 2862 39.
362 2827 417 2861 32.
454 2823 737 2871 ἀνυπονοήτως]
761 2821 809 2861 &¹11
833 2822 1048 2870 ὑπονοήτως
1072 2827 1126 2860 ed.
1152 2829 1254 2860 Rom.
