1968 3346
418 227 475 267 26
644 220 942 264 EXCERPTA
970 221 1256 265 VATICANA
1283 221 1332 264 L.
1354 221 1578 265 V11.—..X.

421 347 496 385 σος
518 335 700 404 νομίσας
719 332 1020 403 ἡμαρτηκέναι
1034 332 1183 386 αὐτόν,
1215 333 1262 377 έν
1278 351 1343 393 τῳ
1379 335 1565 392 δευτέρῳ
1595 335 1704 390 πρός
1729 338 1801 393 χοὶ-

421 409 493 445 ριν
526 390 646 434 αὐτώ
674 390 946 445 ποιησασθαι
975 389 1055 445 τὴν
1076 389 1306 444 απόκρισιν
1329 388 1570 458 υπολαβων
1603 392 1801 450 ἠρώτησε

419 451 518 490 τίνα
540 438 815 500 δικαιότερον
830 449 968 499 κρίνει
986 451 1074 489 τῶν
1093 445 1247 489 ὄντων.
1275 445 1298 490 6
1321 447 1366 490 δὲ
1385 445 1518 490 πάλιν
1535 447 1799 504 ἀπεφαίνετο

420 504 472 547 τὰ
513 503 758 558 ἀγριώτατα
794 508 883 546 τῶν
920 505 1112 557 θηρίων·
1155 503 1270 556 μόνα
1298 503 1383 572 γὰρ
1415 503 1524 547 κατὰ
1557 505 1693 560 φύσιν
1724 510 1801 562 ζῆν

392 559 476 608 5ου
507 577 617 604 κατα
647 561 834 615 νόμους·
867 558 978 602 εἶναι
1007 558 1090 614 γὰρ
1121 559 1225 615 τήν
1220 559 1297 603 ιιὲν
1318 559 1455 631 φύσιν
1477 565 1588 604 θεοῦ
1610 564 1799 622 ποίησιν,

418 618 496 660 τὸν
538 619 583 660 δὲ
622 617 762 672 νόμον
800 615 1048 668 ἀνθρώπων
1078 616 1224 667 θέσιν,
1266 617 1336 659 καὶ
1379 616 1651 672 δικαιότερον
1689 623 1802 662 εἰναι

417 678 608 728 x9266cz1,
647 691 708 716 το
718 691 738 723 ς
767 677 846 715 τοῦ
884 676 996 717 θεοῦ,
1026 672 1054 726 η’
1087 678 1178 723 τοῖς
1214 677 1302 715 τῶν
1332 660 1587 726 ἀνθρώπων
1593 673 1802 748 εὖρήμα;

420 743 501 773 σιν.
551 729 574 775 ὁ
608 731 652 773 δὲ
693 732 899 780 διασῦραι
929 728 1196 784 βουλόμενος
1223 727 1480 784 Ἀναχαρσιν
1510 728 1735 786 ἠρώτησεν
1764 733 1802 775 εί

419 787 492 828 καὶ
517 785 751 840 σοφώτατα
784 788 837 827 τὰ
855 788 1001 854 θηρία.
1036 785 1059 828 6
1091 785 1135 827 δὲ
1169 785 1547 840 συγκαταθέμενος
1577 787 1802 833 ἐδίδασκεν

365 843 489 885 1Οὸτι
527 843 607 899 τὴν
645 860 720 898 της
760 841 932 908 φύσεως
975 839 1182 896 ἀλήθειαν
1218 847 1295 897 τῆς
1334 847 1414 886 τοῦ
1444 842 1587 897 νόμου
1605 843 1803 913 φύσεως

420 904 638 953 προτιμᾶν
678 902 736 941 ἰδι
725 915 907 941 ’ωτατον
935 897 1147 953 ὑπάρχειν
1177 901 1351 954 σοφίας.
1404 897 1426 942 6
1460 899 1506 942 δὲ
1534 899 1696 943 τούτου
1727 918 1802 944 κα-

419 956 643 1011 τεγέλασεν
685 955 743 1006 ὦς
774 956 819 998 ἐκ
849 958 925 1025 τῆς
953 958 1155 1006 Σκυθίας
1195 972 1270 1002 και
1298 953 1555 1012 θηριώδους
1585 958 1804 1015 διαγωγῆς

417 1014 712 1068 πεποιημένου
740 1012 817 1062 τας
851 1010 1111 1066 ἀποκρίσει-,ς

534 1072 651 1111 XXV
657 1072 706 1110 Π.
749 1068 967 1123 Ἠρώτησε
1004 1070 1049 1111 δὲ
1086 1067 1166 1112 τόν
1193 1066 1384 1111 Σόλωνα
1412 1069 1511 1111 τίνα
1542 1072 1630 1112 τῶν
1659 1067 1802 1114 ὄντων

367 1124 653 1181 15εὕδαιμον’
626 1138 816 1168 ἐστατον
852 1125 1066 1180 ἑωρακεν,
1109 1124 1167 1176 ὠς
1202 1123 1332 1167 τοῦτό
1362 1140 1410 1179 γε
1439 1124 1617 1176 πάντως
1644 1124 1802 1169 ἆποδο-
1813 1131 1859 1169 24

419 1182 668 1238 θησόμενον
705 1182 858 1237 ἑαυτῷ.
907 1186 989 1227 τοῦ
1029 1181 1074 1224 δὲ
1111 1181 1326 1251 ‹slszo'vtog5
1340 1181 1399 1231 ὥς
1430 1180 1591 1224 οὐδένα
1622 1184 1802 1233 δικαίως

420 1239 477 1283 ἂν
516 1242 651 1283 εἰπεῖν
680 1239 768 1293 ἔχοι
799 1238 870 1282 δια
898 1237 947 1281 τό
978 1239 1164 1292 μηδενὸς
1193 1242 1281 1280 τῶν
1312 1237 1453 1280 ὄντων
1482 1237 1722 1291 ἑωρακέναι
1750 1237 1801 1282 vd

420 1294 542 1346 τέλος
571 1299 652 1338 τοῦ
682 1298 805 1351 βίου,
838 1290 891 1337 οὗ
909 1295 1038 1362 χωρὶς
1068 1293 1212 1344 οὐδεὶς
1243 1293 1298 1336 ἂν
1307 1293 1641 1362 προςηκόντως
1667 1293 1803 1350 μακά-

422 1370 519 1406 ριος
547 1354 788 1421 νομίζοιτο·
829 1350 1036 1400 πολλάκις
1073 1351 1158 1412 γάρ
1190 1351 1233 1393 οἵ
1271 1349 1350 1392 τὸν
1380 1350 1632 1420 ἔμπροσθεν
1659 1351 1803 1394 πάντα

363 1412 522 1467 2οβίον
553 1407 806 1463 εὐδαίμονες
836 1408 1038 1459 δόξαντες
1075 1412 1186 1452 εἰναι
1214 1406 1325 1461 πρὸς
1354 1406 1465 1463 αὐτη
1503 1410 1557 1466 τῇ
1589 1411 1671 1450 τοῦ
1700 1409 1802 1462 βίου

419 1469 703 1536 καταστροφῇ
733 1466 951 1534 μεγίσταις
981 1463 1236 1518 περιέπεσον
1266 1469 1544 1536 συμφοραῖς·
1569 1461 1593 1507 6
1618 1464 1663 1507 δὲ
1681 1467 1804 1534 βασι-

419 1522 521 1574 λευς
565 1520 680 1565 Οὐδὲ
717 1519 1046 1567 πλουσιώτατον
1086 1538 1171 1576 αρα
1210 1535 1261 1575 με
1300 1522 1483 1572 xQCvet35
1530 1519 1626 1575 ε’.φη
1665 1521 1738 1564 καὶ
1777 1519 1802 1565 6

419 1581 579 1624 Σόλων
587 1578 691 1646 τήν
730 1578 868 1634 αὐτὴν
898 1576 1131 1647 απόκρισιν
1159 1575 1453 1631 ποιησάμενος
1489 1575 1715 1620 ἐδίδασκεν
1744 1593 1804 1627 ως

421 1635 477 1680 οὐ
517 1634 622 1686 τούς
651 1639 828 1678 πλεῖστα
857 1635 1146 1689 κεκτημένους
1176 1632 1284 1677 ἀλλὰ
1311 1633 1416 1684 τούς
1445 1634 1649 1676 πλείστου
1679 1631 1804 1685 ἀξίαν

362 1693 500 1749 25τὴν
540 1691 761 1761 φρόνησιν
783 1690 1066 1761 ηγουμένους
1102 1689 1334 1760 νομιστέον
1362 1687 1738 1746 πλουσιωτάτους·
1774 1686 1804 1745 ἡ

418 1751 464 1794 δὲ
495 1748 710 1818 φρόνησις
740 1747 890 1791 οὐδενὶ
919 1752 1008 1792 τῶν
1038 1746 1183 1791 ἄλλων
1211 1744 1478 1801 ἄντίῤῥοπος
1503 1747 1617 1789 οὐσα
1637 1746 1804 1816 μόνους

417 1812 538 1851 ποιεῖ
565 1806 670 1856 τούς
702 1804 841 1860 αὐτήν
865 1805 966 1857 περὶ
995 1808 1161 1874 πολλοῦ
1190 1802 1486 1872 ποιουμένους
1508 1802 1711 1858 μέγιστον
1729 1802 1804 1846 καὶ

419 1862 707 1933 βεβαιότατον
738 1878 846 1917 εχειν
874 1866 1077 1905 πλοῦτον.
1107 1858 1305 1930 ἠρώτησε
1335 1860 1407 1903 καὶ
1438 1859 1517 1902 τὸν
1536 1861 1704 1902 Βίαντα
1727 1857 1805 1901 πό-

419 1937 549 1974 τερον
588 1918 738 1973 ὀρθῶς
767 1918 999 1989 ἐποιήσατο
1029 1916 1108 1973 τὴν
1136 1916 1378 1988 απόκρισιν
1400 1915 1424 1960 6
1454 1914 1613 1959 Σόλων
1649 1914 1678 1971 ἢ
1710 1914 1804 1985 διή-

366 1983 596 2033 8Ομαρτεν.
634 1976 657 2019 6
690 1976 736 2018 δὲ
765 1973 963 2018 ὑπειπων
989 1973 1161 2027 Ὀρθῶς
1191 1973 1298 2029 ἔφη,
1326 1990 1380 2016 τα
1408 1972 1494 2028 γάρ
1518 1972 1565 2015 ἐν
1596 1973 1668 2015 σοὶ
1683 1971 1802 2040 βού-

423 2039 540 2077 λεῖαι
569 2033 796 2103 θεωρησας
827 2030 974 2093 αγαθα
1006 2034 1267 2100 διαγνῶναι,
1297 2030 1398 2072 νυνὶ
1429 2029 1474 2072 δὲ
1503 2028 1556 2071 τὰ
1579 2027 1698 2097 παρὰ
1719 2031 1803 2071 σοῦ

423 2089 580 2160 μόνον
608 2088 820 2142 ἑωρακεν·
869 2105 981 2131 ειναι
1021 2087 1066 2130 δὲ
1107 2084 1170 2130 δι’
1211 2086 1355 2128 ἐκεῖνα
1402 2089 1569 2155 μᾶλλον
1600 2083 1629 2138 ἢ
1664 2088 1803 2126 ταῦτα

422 2146 528 2197 τοὺς
558 2144 823 2200 ἀνθρώπους
850 2143 1123 2198 εὐδαίμονας.
1159 2140 1182 2185 6
1215 2143 1260 2184 δε
1290 2142 1492 2207 βασιλεὺς
1513 2139 1630 2183 'Aisa
1662 2142 1698 2183 εἰ
1724 2141 1803 2183 τὸν

423 2208 512 2246 τῶν
549 2202 803 2259 χρηιιάτων,
854 2201 1008 2268 ε’φησε,
1054 2203 1247 2245 πλοῦτον
1284 2196 1342 2265 μή
1380 2200 1617 2254 προτιμᾶς,
1665 2195 1716 2239 τό
1755 2212 1804 2250 γε

368 2265 593 2329 35πληθος
622 2264 710 2302 τῶν
740 2260 882 2313 φίλων
914 2256 1018 2314 ὁρᾷς
1045 2259 1260 2298 τοσοῦτον
1287 2252 1488 2308 ὑπάρχον
1517 2253 1625 2296 ὅσον
1655 2250 1805 2295 οὐδενὶ

423 2322 511 2361 τῶν
550 2315 703 2359 α’λλων.
750 2313 773 2357 ὁ
815 2315 860 2357 δε
901 2315 973 2357 καὶ
1011 2315 1172 2354 τοῦτον
1203 2326 1455 2378 απεφηνατο
1493 2308 1573 2352 τόν
1602 2307 1804 2378 αριθμὸν

423 2374 531 2430 αδηλ
536 2391 586 2417 ον
617 2371 728 2415 εἶναι
759 2371 830 2414 δια
860 2370 937 2425 τὴν
967 2368 1179 2422 εὐτυχί.αν
1216 2367 1325 2438 πρὸς
1357 2368 1402 2409 δὲ
1425 2364 1644 2408 Πιττακὸν
1669 2367 1804 2408 εἰπεῖν

424 2442 535 2488 φασι
569 2431 730 2475 Ποίαν
742 2427 938 2482 ἑώρακας
965 2426 1101 2481 ἀρχὴν
1138 2426 1392 2478 κρατίστηνς
1439 2421 1517 2465 τὸν
1547 2423 1594 2466 δὲ
1624 2438 1803 2476 αποκρι-

560 2524 616 2556 26.
642 2523 675 2556 2.
708 2516 922 2561 mamasac:
926 2517 951 2560 ι]
978 2518 1097 2550 Malim
1121 2514 1358 2558 ποιησεσθαι
1393 2515 1488 2547 MAI.

561 2570 699 2603 2610.
733 2563 852 2600 νόιιου
880 2562 1037 2607 φύσεως]
1077 2576 1119 2596 an
1145 2561 1264 2605 νόμου
1289 2560 1336 2597 fles
1324 2572 1376 2594 σε
1381 2559 1453 2599 mg?

561 2616 617 2648 26.
645 2615 698 2648 12.
739 2610 922 2654 Σκυθίας]
956 2624 1008 2654 p1
1000 2622 1055 2642 ωε
1062 2617 1111 2641 tat
1141 2608 1355 2656 Σκυθικῆς,
1391 2607 1486 2652 quod
1509 2606 1594 2640 Maii
1624 2606 1802 2650 iuterpre-

468 2661 556 2694 tatio
582 2660 749 2693 sublidit.

560 2707 616 2739 26.
646 2706 700 2739 15.
733 2702 857 2745 τοῦτο]
885 2702 968 2734 Cod.
991 2697 1122 2745 τούτῳ.
1154 2700 1250 2733 ΜΑΙ.

561 2753 616 2785 26.
644 2753 700 2786 31.
733 2750 812 2792 σοῦ]
849 2750 953 2780 immo
979 2746 1048 2793 σοὶ.

561 2798 618 2830 26.
643 2798 699 2831 33.
734 2796 768 2830 εἰ
791 2793 870 2836 τὸν]
895 2794 977 2826 Cod.
1005 2794 1125 2836 ἦττον·
1161 2790 1261 2826 MAI.

563 2844 619 2877 26.
644 2845 701 2877 38.
734 2840 841 2886 φασι]
867 2838 980 2883 φασὶν
1005 2842 1061 2873 ed.
1086 2841 1187 2872 Rom.
