1968 3346
696 618 742 659 L.
799 614 1038 658 XXIV.

114 762 494 845 521.“0n10139
514 791 935 868 φιλαργυρωτάτους
964 790 1215 865 ἐπελέξαντο
1243 788 1355 846 πρὸς
1382 788 1462 834 τόν
1492 789 1559 846 ἔμ-

168 854 374 926 πρησμὸν
395 858 484 897 τῶν
501 852 822 924 μηχανημάτων
840 853 912 898 καὶ
930 851 1034 904 τοὺς
1057 849 1365 907 θρασυτάτους
1389 868 1432 894 οι
1421 853 1559 906 ’Καρ-

168 912 367 968 χηδόνιοι
394 912 697 981 τριακοσίους
708 909 838 962 ὄντας
865 908 944 953 τὸν
972 909 1188 966 ἀριθμόν·
1219 908 1272 953 τὰ
1303 908 1388 964 γὰρ
1411 907 1559 964 πλήθη

169 974 308 1012 ταῦτα
329 967 517 1038 μάλιστα
535 966 823 1021 προτρέπεται
843 983 951 1017 τους
972 968 1234 1022 προχείρους
1251 965 1414 1016 παντὸς
1431 981 1561 1008 κατα-

171 1031 359 1081 φρονεῖν
386 1023 613 1069 κινδύνου.
657 1041 716 1075 ως
745 1024 813 1067 ἐπὶ
841 1021 954 1068 πολὺ
983 1023 1069 1093 γάρ
1099 1024 1147 1067 έν
1174 1028 1269 1074 ταῖς
1295 1025 1560 1077 προςβολαῐς
1589 1022 1615 1063 5

170 1084 247 1126 καὶ
279 1086 569 1137 τειχομαχίαις
605 1081 835 1137 συνέβαινε
873 1079 976 1129 τούς
1013 1078 1219 1134 ἀρίστους
1260 1078 1560 1148 ἀποθνήσκειν

170 1139 382 1190 ἑκουσίως
410 1140 737 1193 προπίπτοντας
768 1140 827 1189 εἰς
855 1135 1094 1188 κινδύνους
1123 1135 1466 1206 δυςβοηθητους.

282 1194 656 1250 περικατάληπτος
684 1194 919 1265 γενόμενος
948 1194 1164 1250 κατέφυγε
1195 1196 1309 1248 πρός
1346 1193 1427 1249 τὴν
1462 1195 1559 1249 γῆν,

170 1251 220 1297 ἐν
251 1251 448 1296 ἐλάττονι
485 1253 671 1305 θέμενος
700 1251 779 1295 τὸν
819 1250 904 1295 ἀπὸ
944 1255 1020 1307 τῆς
1048 1253 1264 1307 ναυαγίας
1297 1221 1444 1308 φόβον
1479 1252 1560 1293 τοῦ

171 1309 292 1366 παρὰ
319 1313 409 1352 τῶν
438 1310 656 1364 πολεμίων
684 1307 914 1352 κινδύνου.
1562 1310 1617 1350 10

287 1365 440 1410 οὐδενὶ
471 1351 669 1421 δηλώσας
690 1363 739 1408 τό
767 1364 1136 1435 βεβουλευμένον·
1159 1361 1448 1434 ὑπελάμβανε
1476 1363 1560 1434 γὰρ

172 1424 226 1468 τὰ
258 1427 443 1467 τοιαῦτα
471 1427 562 1466 τῶν
592 1421 961 1491 στρατηγημάτων
999 1419 1280 1477 διαδιδόμενα
1309 1420 1421 1476 πρὸς
1456 1419 1563 1472 τούς

174 1483 335 1550 φίλους
362 1480 392 1536 ἢ
426 1484 520 1530 τοῖς
550 1481 774 1549 πολεμίοις
802 1477 1003 1535 γνώριμα
1032 1480 1233 1534 γίνεσθαι
1268 1477 1342 1522 διὰ
1370 1483 1457 1521 τῶν
1487 1495 1565 1521 αυ-

170 1535 374 1594 τομόλων
402 1536 432 1592 ἢ
459 1541 552 1587 τοῖς
574 1534 857 1592 στρατιώταις
876 1536 1070 1593 ἐμποιεῖν
1094 1538 1262 1582 δειλίαν
1282 1538 1564 1592 προςδοκῶσι

172 1595 357 1652 μέγεθος
386 1592 615 1637 κινδύνου.
1567 1596 1620 1642 15

312 1697 370 1732 59.
396 1695 431 1732 4.
462 1693 566 1742 τούς]
592 1698 718 1743 incipit
743 1698 877 1732 codicis
901 1710 937 1744 p.
960 1697 1040 1733 129.

265 1789 323 1824 59.
348 1789 383 1824 2.
423 1789 556 1833 Agitur
586 1788 623 1822 in
654 1789 723 1822 hoc
757 1789 956 1833 fragmento
980 1789 1024 1823 dc
1046 1787 1219 1823 machinis
1241 1788 1485 1822 Romanorum
1507 1787 1568 1821 ob-

174 1835 405 1872 sidionalibus
429 1836 474 1869 ad
496 1835 726 1890 Lilybaeum,
749 1847 835 1879 quas
853 1834 984 1870 obsessi
1001 1835 1108 1870 Poeni
1133 1841 1209 1878 post
1227 1836 1337 1869 multa
1355 1838 1568 1868 tentamenta

174 1883 504 1922 inflammaverunt3
537 1881 637 1915 cuius
667 1881 718 1915 rei
743 1882 873 1916 mentio
895 1886 947 1915 est
970 1881 1006 1915 in
1029 1881 1285 1915 hoeschelianis
1319 1892 1457 1925 quoque
1479 1880 1570 1914 Dio-

175 1929 254 1963 dori
276 1928 449 1972 excerptis
473 1927 573 1961 initio
604 1927 686 1961 libri
711 1929 850 1970 XXIV3
883 1929 973 1961 unde
996 1928 1105 1961 etiam
1130 1927 1397 1972 cognoscimus,
1432 1926 1569 1960 vatica-

175 1987 261 2010 num
293 1976 363 2008 hoc
385 1974 624 2018 fragmentum
658 1974 703 2008 ad
738 1975 887 2007 eundem
919 1974 1048 2008 librum
1081 1974 1264 2017 pertinere.
1320 1975 1372 2007 De
1406 1972 1570 2018 Lilybaei
1614 1982 1617 1984 ·

20 2025 26 2068 ξ
175 2021 355 2056 obsidione
384 2021 509 2065 legesis
541 2021 647 2055 etiam
679 2021 857 2054 valesiana
880 2020 1024 2053 Diodori
1048 2025 1208 2063 excerpta
1232 2019 1333 2055 initio
1365 2020 1449 2052 item
1484 2018 1570 2053 libri

22 2077 26 2086 ’
176 2068 305 2102 XXIV.
354 2068 408 2100 De
429 2067 604 2100 machinis
626 2068 858 2111 operibusque
874 2068 1118 2101 Romanorum
1136 2066 1282 2100 incensis
1299 2066 1440 2101 consule
1463 2066 1569 2111 Poly-

178 2114 276 2148 bium
295 2114 323 2147 Ι.
348 2113 406 2147 45.
437 2112 494 2147 48.
531 2113 630 2146 MAI.

270 2158 328 2194 59.
351 2159 385 2193 7.
421 2160 498 2193 Has
521 2159 642 2192 clades
665 2159 711 2193 ad
731 2159 944 2205 Lilybaeum
963 2162 1082 2194 narrat
1105 2158 1278 2204 Polybius
1295 2159 1324 2192 Ι.
1350 2158 1407 2194 42.
1431 2156 1488 2192 45.
1510 2157 1570 2192 49.

22 2234 27 2247 ι
177 2207 289 2241 Porro
311 2206 380 2239 hae
401 2205 590 2239 sententiae
613 2205 761 2241 fortasse
778 2207 950 2252 abruptae
971 2210 1060 2241 sunt.
1086 2206 1184 2243 MAI.
1218 2206 1332 2240 Immo
1351 2216 1470 2238 omnes
1493 2209 1571 2239 arte

22 2248 27 2275 ¹1
176 2254 375 2287 cohaerent.

22 2280 27 2316 ἕ
269 2297 328 2332 59.
351 2298 407 2332 10.
454 2298 567 2332 Valde
589 2297 746 2342 suspicor
770 2298 866 2343 loqui
889 2298 1084 2333 Diodorum
1109 2299 1153 2332 de
1175 2298 1301 2333 rhodio
1326 2297 1389 2331 illo
1412 2297 1569 2341 homine,

179 2344 241 2388 qui
272 2344 483 2387 inspectante
513 2356 659 2379 romana
691 2346 802 2380 olasse
835 2357 940 2388 saepe
971 2357 1052 2379 cum
1082 2357 1152 2379 uno
1183 2344 1327 2389 navigio
1358 2344 1571 2388 Lilybaeum

181 2392 303 2424 urbem
327 2391 501 2425 obsessam
525 2391 616 2424 mira
640 2392 844 2426 dexteritate
866 2392 1065 2435 ingressus,
1098 2404 1138 2425 ex
1162 2403 1275 2434 eaque
1297 2391 1473 2435 digressus
1496 2394 1572 2431 θείς

181 2437 291 2472 donec
313 2437 453 2470 tandem
477 2447 499 2470 a
523 2437 693 2472 Romanis
718 2443 839 2481 captus
863 2438 941 2471 snit.
992 2438 1118 2482 Polyb.
1139 2438 1165 2471 l.
1190 2438 1247 2471 47.
1287 2438 1386 2470 MAI.

274 2482 331 2518 59.
359 2482 416 2516 11.
460 2483 572 2526 Loqui
605 2484 760 2518 arbitror
788 2485 982 2518 Diodorum
1021 2485 1063 2517 de
1098 2484 1302 2518 Hamilcare
1342 2486 1574 2528 cognomento

183 2529 320 2568 Barca,
350 2528 408 2572 qui
434 2529 558 2562 audaci
583 2529 727 2564 consilio
751 2529 937 2574 occupavit
961 2530 995 2563 in
1019 2530 1143 2564 Sicilia
1167 2531 1332 2569 Erotem,
1368 2530 1484 2562 locum
1508 2541 1572 2572 op-

182 2574 488 2619 portunissimum,
512 2575 602 2608 inter
627 2577 711 2610 duos
729 2577 970 2610 Romanorum
988 2576 1158 2610 exercitus
1176 2576 1292 2610 situm.
1320 2576 1443 2620 Polyb.
1463 2576 1489 2608 Ι.
1516 2575 1577 2611 56.

182 2622 247 2654 Vel
266 2621 379 2664 potius
402 2621 611 2665 intelligitur
629 2623 809 2666 occupatio
830 2622 926 2656 urbis
945 2623 1016 2667 Ery
1018 2623 1173 2656 cinorum
1194 2634 1256 2666 per
1271 2623 1417 2655 eundem
1435 2621 1576 2655 Hamil-

184 2679 300 2702 carem
324 2668 450 2711 Polyb.
475 2668 501 2704 l
537 2668 601 2711 58,
647 2669 732 2712 Nep.
765 2670 871 2704 Ham.
905 2680 979 2712 cap.
1007 2669 1043 2709 13
1077 2680 1183 2712 quam
1220 2673 1388 2702 nocturno
1419 2668 1575 2702 facinore

184 2713 291 2748 fuisse
315 2715 360 2748 ab
385 2725 426 2747 eo
449 2717 588 2756 captam
612 2714 774 2748 discimus
792 2727 834 2748 ex
855 2714 1001 2748 Diodori
1020 2715 1227 2760 fragmentis
1244 2715 1297 2748 ed.
1322 2726 1354 2757 p.
1370 2713 1450 2748 5⁰9.
1476 2715 1575 2749 MAI.

280 2759 419 2794 59.15.
469 2761 568 2794 Haec
602 2761 771 2794 sententia
795 2761 837 2795 de
869 2761 1022 2794 celandis
1047 2760 1353 2805 strategematibus
1385 2760 1515 2804 legitur
1538 2760 1576 2794 in

187 2806 395 2850 fragmentis
427 2806 526 2839 oditis
554 2807 638 2840 libri
663 2808 792 2843 XXIV.
826 2819 858 2850 p.
881 2806 960 2841 509.
1018 2807 1085 2840 Sed
1110 2813 1249 2851 praeter
1278 2817 1384 2849 quam
1410 2808 1499 2850 quod
1523 2806 1576 2841 ibi

187 2852 303 2886 variat
326 2853 370 2886 ob
397 2852 566 2897 eclogarii
587 2853 756 2894 arbitria,
780 2854 912 2887 utiliter
935 2864 1013 2887 eam
1038 2852 1242 2890 consermvi
1265 2854 1310 2887 ob
1330 2854 1577 2889 ostendendam

187 2897 316 2935 horum
338 2899 616 2944 fragmentorum
639 2899 817 2944 propriam
839 2901 966 2936 sedem.
999 2900 1099 2936 MAl.
