1968 3346
425 207 513 247 148
577 201 879 245 EXCERPTA
909 202 980 244 DE
1010 200 1159 244 VIRT.
1188 197 1266 243 ΕΤ
1296 199 1406 245 vl'r.
1434 200 1483 245 1..
1504 201 1677 246 XXXV.

431 331 522 372 χων
555 311 816 366 ἀποστάσεις
844 313 1026 385 μεγάλαι
1055 313 1129 357 καὶ
1157 310 1365 369 ἐμφύλιοι
1385 312 1591 384 πόλεμοι
1604 316 1829 367 πολυετεῖς

347 380 404 423 40
433 373 508 416 καὶ
537 371 723 442 φοβεροὶ
752 372 826 415 καὶ
851 371 984 414 τᾶλλα
1011 371 1065 414 τὰ
1087 369 1479 443 προαγορευθέντα
1506 369 1595 415 ὑπὸ
1624 375 1705 414 τοῦ
1721 376 1830 416 Σκι-

434 430 601 480 πίωνος
638 426 954 499 ἦκολούθησεκ
1001 425 1024 471 6
1065 426 1230 471 τούτου
1270 428 1317 472 68
1355 425 1452 478 υίὸς
1489 426 1732 484 πρεσβύτης
1770 425 1829 499 ἧν

435 484 517 541 τὴν
544 483 742 542 ἡλικίαν,
789 486 864 528 καὶ
896 485 1016 540 Τιβε
1008 499 1100 527 πυτ
1117 485 1329 554 Γράκχον
1357 489 1592 538 τυραννεῖν
1621 484 1829 554 ἐπιχειρή-

435 553 575 585 σαντα
614 546 709 593 ταῖς
750 541 880 592 ἰδίαις
916 541 1062 609 χερσὶν
1104 538 1343 593 ἀπέκτεινε,
1384 539 1715 597 προηγούμενος
1749 546 1827 598 τῆς

349 602 404 647 45
434 597 696 668 συγκλήτου.
726 602 808 641 τοῦ
829 597 875 641 68
904 595 1144 666 πλήθους
1149 596 1487 648 νανακτοῦντος
1516 598 1591 641 καὶ
1618 603 1828 655 τεθηριω-

432 656 570 725 μένου
599 654 709 711 πρὸς
737 671 843 704 τους
870 653 949 697 τὸν
979 652 1124 709 φόνον
1154 658 1200 709 ὀρ
1212 653 1421 707 άσαντας,
1463 654 1526 698 ἔτι
1557 654 1602 698 6'8
1630 658 1720 698 τῶν
1750 656 1829 725 δη-

428 711 614 768 μάρχων
649 716 734 755 καθ
798 711 874 754 ε’να
912 713 1001 753 τῶν
1042 715 1343 782 συγκλητικῶν
1382 709 1729 783 προαγαγόντων
1759 710 1827 754 ἐπὶ

427 769 483 812 τά
511 771 673 838 ἔμβολα
701 767 776 811 καὶ
805 764 1122 822 ἐπερωτώντων
1151 769 1214 818 τίς
1240 767 1357 812 ἔστιν
1387 766 1411 811 ὁ
1444 767 1631 819 άνελοόν,
1674 769 1717 811 οἱ
1747 767 1827 823 μὲν

429 825 556 869 ἄλλοι
596 824 781 875 ἅπαντες
814 823 1125 896 κατεπτηχότες
1162 824 1241 880 τὴν
1282 841 1370 868 των
1400 823 1541 880 ὄχλων
1578 824 1747 894 ὁρμήν
1752 824 1827 868 καὶ

347 885 402 930 50
431 884 535 939 βίαν
571 880 791 951 ἠρνοῦντο
831 882 905 925 καὶ
945 881 1022 931 τὰς
1062 879 1314 953 ἀποκρίσεις
1351 881 1680 937 έξηλλάττοντο,
1723 878 1747 924 6
1777 880 1826 924 68

429 940 636 983 Σκιπίων
674 938 812 994 μόνος
849 937 1130 1008 ωμολόγησεν
1157 936 1241 994 ὑφ’
1283 938 1446 982 ἑαυτοῦ
1481 938 1718 1009 γεγονέναι
1743 937 1825 1005 τὴν

428 994 676 1067 ἀναίρεσιν,
707 994 898 1038 έπειπωυ
922 1012 982 1046 ως
1009 995 1114 1046 τοὺς
1138 995 1217 1066 μὲν
1247 992 1407 1046 ἄλλους
1433 993 1457 1039 6
1481 993 1695 1065 Γράκχος
1701 992 1826 1037 ἐλάν-

426 1058 568 1096 θάνεν
581 1052 887 1124 ἐπιτιθέμενος
908 1054 1158 1106 τυραννίδι,
1189 1051 1347 1095 εαυτόν
1372 1052 1420 1096 68
1443 1053 1518 1096 καὶ
1536 1052 1617 1108 τὴν
1639 1050 1826 1122 σύγκλη-

426 1126 508 1153 τον
538 1107 620 1154 οὐκ
650 1109 817 1153 ἔλαθεν.
850 1110 874 1153 6
906 1110 952 1152 68
983 1108 1132 1165 ὄχλος,
1164 1110 1318 1164 καίπερ
1351 1107 1632 1165 άγανακτων,
1658 1106 1825 1179 ἡσύχα-

346 1168 401 1213 55
431 1178 509 1210 σεν
546 1167 781 1238 ἐντραπεὶς
809 1166 857 1210 τὸ
908 1164 1046 1222 βάρος
1085 1166 1159 1210 καὶ
1198 1165 1278 1222 τὴν
1321 1166 1572 1236 παῤῥησίαν
1618 1164 1822 1219 τάνδρός.

427 1221 538 1266 ἀλλά
583 1238 670 1293 μην
714 1223 788 1266 καὶ
827 1221 851 1266 ὁ
895 1223 1060 1267 τούτου
1099 1221 1226 1274 υἱός,
1266 1222 1378 1267 κατά
1416 1221 1495 1265 τὸν
1531 1222 1825 1292 ὑποκείμενον

425 1280 629 1330 ἐνιαυτὸν
657 1278 935 1335 τελευτήσας,
967 1279 1302 1336 ἀδωροδόκητος
1328 1279 1407 1335 μὲν
1429 1278 1600 1322 ἅπαντα
1620 1277 1700 1323 τὸν
1722 1280 1825 1334 βίον

425 1336 657 1388 διετέλεσε,
682 1336 913 1407 μετασχών
944 1337 990 1380 68
1019 1341 1096 1392 τῆς
1124 1339 1368 1388 πολιτείας,
1406 1337 1481 1380 καὶ
1509 1340 1570 1395 τῷ
1600 1337 1681 1393 βίῳ
1712 1335 1825 1388 πρὸς

424 1391 637 1449 ἀλήθειαν
668 1391 765 1436 ἀλλ’
798 1392 851 1436 οὐ
882 1398 974 1444 τοῖς
993 1393 1141 1448 λόγοις
1169 1393 1325 1448 μόνοις
1355 1381 1694 1465 φιλοσοφήσας,
1723 1390 1825 1435 άκό-

339 1456 396 1498 60
424 1454 597 1494 λουθον
636 1450 728 1505 ἔσχε
757 1466 809 1508 τη
840 1454 923 1494 τοῦ
951 1449 1110 1506 γένους
1140 1452 1323 1508 διαδοχῆ
1352 1451 1424 1494 καὶ
1455 1449 1535 1508 τὴν
1562 1453 1639 1506 τῆς
1668 1448 1825 1506 άρετῆς

424 1507 738 1578 κληρονομίαν.

526 1563 626 1607 Ὀτι
663 1561 686 1607 ὁ
725 1561 942 1619 Ἀντίοχος
985 1561 1009 1607 ὁ
1050 1561 1298 1619 Κυζικηνός
1343 1560 1503 1634 άρτίως
1541 1560 1824 1633 παρειληφώς

424 1619 506 1675 τὴν
544 1622 771 1689 βασιλείαν
811 1620 1007 1671 ἐξέπεσεν
1044 1623 1104 1671 εἰς
1145 1622 1286 1676 μέθας
1323 1620 1399 1663 καὶ
1434 1635 1619 1689 τρυφην
1658 1619 1824 1675 άγεννῆ

338 1681 393 1725 65
423 1678 499 1721 καὶ
529 1676 754 1733 ζηλώματα
783 1679 1005 1732 βασιλείας
1036 1675 1373 1732 ἀλλοτριώτατα.
1408 1677 1549 1733 ἔχαιρε
1570 1693 1653 1732 γαρ
1674 1677 1824 1731 μίμοις

421 1735 496 1779 καὶ
535 1736 813 1787 προδείκταις
849 1735 924 1777 καὶ
962 1734 1160 1778 καθόλου
1188 1738 1296 1777 πασι
1332 1739 1425 1784 τοῖς
1453 1738 1820 1789 θαυματοποιοῖς,

422 1792 497 1835 καὶ
519 1790 571 1833 τά
596 1790 763 1834 τούτων
768 1790 1104 1862 ἐπιτηδεύματα
1126 1791 1373 1861 μανθάνειν
1396 1791 1700 1859 ἐφιλοτιμεῖτο.
1730 1790 1820 1833 ἐπε-

422 1848 616 1916 τηδευσε
633 1848 679 1890 68
708 1846 782 1890 καὶ
811 1853 1159 1901 νευροσπαστεῖν
1191 1848 1264 1890 καὶ
1295 1845 1358 1889 δι’
1391 1844 1532 1890 αὑτοῦ
1560 1852 1700 1891 κινεῖν
1730 1850 1889 1903 ζῳα607

423 1921 669 1960 πενταπήχη
699 1903 955 1973 κατάργυρα
993 1905 1066 1947 καὶ
1096 1903 1348 1966 κατάχρυσοι
1380 1904 1453 1946 καὶ
1483 1904 1608 1957 ε’τερα
1637 1905 1820 1947 πλείονα

338 1972 394 2014 70
423 1965 606 2005 τοιαῦτα
636 1959 932 2016 μηχανήιιατα.
978 1978 1062 2004 ουκ
1093 1966 1188 2031 ειῗχε
1206 1963 1252 2004 68
1288 1959 1527 2004 ἓλεπόλεων
1557 1959 1661 2004 οὐδὲ
1690 1959 1821 2030 ὀργά-

423 2035 516 2062 νων
555 2021 905 2090 πολιορκητικων
942 2016 1231 2088 κατασκευάς,
1275 2035 1302 2059 α
1340 2017 1414 2061 καὶ
1453 2016 1588 2069 δόξαν
1627 2017 1822 2089 μεγάλην

420 2076 491 2118 καὶ
522 2077 666 2130 χρείας
706 2073 961 2146 ἀξιολόγους
1001 2092 1058 2118 αν
1094 2075 1343 2129 παρέσχετο
1386 2073 1620 2117 ἐνεθουσία
1658 2075 1706 2118 δὲ
1743 2073 1821 2118 καὶ

419 2132 531 2184 πρὸς
560 2133 821 2186 κυνηγεσίας
851 2129 1086 2202 ἀκαίρους,
1120 2133 1195 2175 καὶ
1224 2130 1435 2182 πολλάκις
1464 2130 1639 2186 νύκτωρ
1670 2131 1821 2188 λάθρα

418 2193 510 2232 τῶν
542 2190 685 2259 φίλων
724 2187 828 2242 μετά
872 2190 1000 2232 δυοῖν
1028 2206 1054 2245 η
1084 2192 1222 2243 τριῶν
1255 2189 1437 2231 οἰκετῶν
1475 2187 1601 2246 ἐξιών
1639 2187 1710 2230 ἐπὶ
1738 2188 1820 2244 τὴν

335 2260 391 2304 75
420 2244 569 2302 χώραν
606 2243 806 2300 ἐκυνήγει
836 2246 1015 2295 λέοντας
1053 2262 1127 2288 και
1160 2243 1396 2315 παρδάλεις
1431 2245 1506 2288 καὶ
1534 2246 1588 2295 ὐς
1618 2242 1816 2314 άγρίους.

420 2300 682 2372 παραβόλως
723 2302 768 2345 68
808 2300 1171 2372 συμπλεκόμενος
1186 2300 1362 2356 άλόγοις
1399 2304 1577 2358 θηρίοις
1604 2300 1818 2352 πολλάκις

418 2354 554 2431 ηλθεν
584 2360 644 2409 εἰς
667 2357 773 2409 τοὺς
803 2357 1012 2414 ἐσχάτους
1040 2357 1294 2409 κινδύνους.

521 2414 621 2459 ΓΌτι
657 2417 860 2468 Μικίψας
896 2416 920 2460 6
951 2414 1290 2460 Μασσανάσσου
1328 2412 1428 2468 υἷὸς
1465 2417 1548 2458 τοῦ
1584 2412 1814 2473 Νομάδων

511 2541 592 2576 606.
615 2539 672 2575 44.
706 2541 776 2576 τοῦ
801 2539 842 2576 68
874 2539 1046 2586 πλήθους
1068 2541 1248 2585 Valesius,
1280 2541 1346 2585 τῆς
1369 2538 1410 2576 68
1437 2538 1640 2585 συγκλήτου
1665 2541 1698 2574 V

418 2587 476 2623 58.
499 2587 700 2630 πολιτείας]
729 2589 959 2632 φιλοσοφίας
981 2589 1162 2630 V·1lesius‚
1187 2589 1224 2622 in
1246 2587 1408 2632 margine
1431 2593 1554 2621 notans
1579 2589 1655 2621 MS.
1679 2589 1811 2630 πολιτ.,

418 2635 442 2668 i.
465 2646 493 2667 e.
522 2635 644 2677 opinor
667 2637 872 2676 πολιτείας,
907 2636 1000 2678 quod
1025 2635 1131 2668 etiam
1155 2635 1191 2668 in
1222 2635 1393 2673 παιδείας
1426 2634 1555 2667 mutari
1580 2633 1690 2677 possit

418 2680 476 2714 65.
501 2682 741 2723 προδείκταις
762 2681 912 2723 Suidas,
935 2682 1155 2737 προδίκταις
1179 2681 1210 2714 V
1348 2681 1406 2716 67.
1431 2682 1719 2725 νευροσπαστεῖν
1742 2680 1811 2714 Va-

417 2727 479 2760 les‘
472 2739 522 2760 lus
536 2756 543 2768 ,
571 2730 812 2769 νειιροπατεῖν
837 2728 869 2761 V
1018 2725 1140 2762 αὐτοῦ
1164 2727 1195 2761 V

508 2784 588 2818 007.
614 2786 672 2818 68
695 2782 923 2831 πενταπήχη]
949 2783 1168 2832 πεντάπηχα
1190 2785 1221 2821 V
1381 2784 1440 2824 70.
1471 2779 1674 2822 ἓλεπόλεων
1707 2783 1810 2820 Vale·

413 2829 506 2876 sius,
529 2828 672 2868 πόλεων
698 2832 724 2865 V

1933 1908 1939 1918 ἱ
1920 1731 1929 1740 α

1946 1813 1959 1944 ἣμτιεζ
1947 1673 1959 1816 T-i‘
1947 1650 1950 1667 ’-
