<?xml version="1.0" encoding="UTF-8"?>
<!DOCTYPE html PUBLIC "-//W3C//DTD XHTML 1.0 Transitional//EN"
    "http://www.w3.org/TR/xhtml1/DTD/xhtml1-transitional.dtd">
<html xmlns="http://www.w3.org/1999/xhtml" xml:lang="en" lang="en">
 <head>
  <title>
</title>
<meta http-equiv="Content-Type" content="text/html;charset=utf-8" />
  <meta name='ocr-system' content='tesseract 3.04.00' />
  <meta name='ocr-capabilities' content='ocr_page ocr_carea ocr_par ocr_line ocrx_word'/>
</head>
<body>
  <div class='ocr_page' id='page_1' title='image "./p2bibliothecahisto02dioduoft_0030.png"; bbox 0 0 1968 3346; ppageno 0'>
   <div class='ocr_carea' id='block_1_1' title="bbox 484 171 1665 221">
    <p class='ocr_par' dir='ltr' id='par_1_1' title="bbox 484 171 1665 221">
     <span class='ocr_line' id='line_1_1' title="bbox 484 171 1665 221; baseline 0.002 -5"><span class='ocrx_word' id='word_1_1' title='bbox 484 173 537 216; x_wconf 68' lang='lat'><em>14</em></span> <span class='ocrx_word' id='word_1_2' title='bbox 678 171 980 216; x_wconf 64' lang='lat' dir='ltr'>EXCERPTA</span> <span class='ocrx_word' id='word_1_3' title='bbox 1007 173 1441 221; x_wconf 78' lang='lat' dir='ltr'><strong>HOESCHELIANA</strong></span> <span class='ocrx_word' id='word_1_4' title='bbox 1471 177 1516 221; x_wconf 84' lang='lat' dir='ltr'><em>L.</em></span> <span class='ocrx_word' id='word_1_5' title='bbox 1551 177 1665 221; x_wconf 90' lang='lat' dir='ltr'>XXI.</span> 
     </span>
    </p>
   </div>
   <div class='ocr_carea' id='block_1_2' title="bbox 378 283 1925 2334">
    <p class='ocr_par' dir='ltr' id='par_1_2' title="bbox 378 283 1925 2334">
     <span class='ocr_line' id='line_1_2' title="bbox 398 283 1867 372; baseline 0.003 -43"><span class='ocrx_word' id='word_1_6' title='bbox 398 287 450 332; x_wconf 87' lang='lat'><em>15</em></span> <span class='ocrx_word' id='word_1_7' title='bbox 483 283 556 329; x_wconf 81' lang='grc' dir='ltr'><em>διά</em></span> <span class='ocrx_word' id='word_1_8' title='bbox 579 284 627 328; x_wconf 75' lang='grc' dir='ltr'><em>’δὲ</em></span> <span class='ocrx_word' id='word_1_9' title='bbox 654 287 744 328; x_wconf 77' lang='grc' dir='ltr'><em>τῶν</em></span> <span class='ocrx_word' id='word_1_10' title='bbox 762 283 1014 338; x_wconf 75' lang='grc' dir='ltr'><em>Δαρδάνων</em></span> <span class='ocrx_word' id='word_1_11' title='bbox 1036 286 1347 348; x_wconf 78' lang='grc' dir='ltr'><em>διερχόμενοι</em></span> <span class='ocrx_word' id='word_1_12' title='bbox 1327 286 1515 339; x_wconf 86' lang='grc' dir='ltr'><em>α’παντες</em></span> <span class='ocrx_word' id='word_1_13' title='bbox 1544 288 1867 372; x_wconf 75' lang='grc' dir='ltr'><em>διεφθάρησαν,</em></span> 
     </span>
     <span class='ocr_line' id='line_1_3' title="bbox 478 339 1412 414; baseline 0 -28"><span class='ocrx_word' id='word_1_14' title='bbox 478 343 553 386; x_wconf 81' lang='grc' dir='ltr'><em>καὶ</em></span> <span class='ocrx_word' id='word_1_15' title='bbox 584 339 729 392; x_wconf 86' lang='grc' dir='ltr'><em>ου’δεὶς</em></span> <span class='ocrx_word' id='word_1_16' title='bbox 751 341 1003 414; x_wconf 76' lang='grc' dir='ltr'><em>υπελείφθη</em></span> <span class='ocrx_word' id='word_1_17' title='bbox 1035 342 1242 387; x_wconf 71' lang='grc' dir='ltr'><em>α’πελθεῐν</em></span> <span class='ocrx_word' id='word_1_18' title='bbox 1273 348 1412 386; x_wconf 82' lang='grc' dir='ltr'><em>οἰκον.</em></span> 
     </span>
     <span class='ocr_line' id='line_1_4' title="bbox 395 397 1867 469; baseline 0.005 -31"><span class='ocrx_word' id='word_1_19' title='bbox 395 399 451 439; x_wconf 70' lang='lat'><em>14</em></span> <span class='ocrx_word' id='word_1_20' title='bbox 586 397 643 441; x_wconf 91' lang='grc' dir='ltr'>Ο</span> <span class='ocrx_word' id='word_1_21' title='bbox 689 398 873 469; x_wconf 78' lang='grc' dir='ltr'><em>Πύῤῥος</em></span> <span class='ocrx_word' id='word_1_22' title='bbox 918 398 972 443; x_wconf 76' lang='grc' dir='ltr'><em>τά</em></span> <span class='ocrx_word' id='word_1_23' title='bbox 1017 401 1127 443; x_wconf 76' lang='grc' dir='ltr'><em>κατὰ</em></span> <span class='ocrx_word' id='word_1_24' title='bbox 1176 399 1441 455; x_wconf 85' lang='grc' dir='ltr'><em>Συρακόσας</em></span> <span class='ocrx_word' id='word_1_25' title='bbox 1489 400 1562 443; x_wconf 88' lang='grc' dir='ltr'><em>καὶ</em></span> <span class='ocrx_word' id='word_1_26' title='bbox 1601 404 1867 454; x_wconf 79' lang='grc' dir='ltr'><em>Λεοντίνους</em></span> 
     </span>
     <span class='ocr_line' id='line_1_5' title="bbox 480 454 1865 527; baseline 0.003 -29"><span class='ocrx_word' id='word_1_27' title='bbox 480 454 859 525; x_wconf 83' lang='grc' dir='ltr'><em>καταστησάμενος</em></span> <span class='ocrx_word' id='word_1_28' title='bbox 887 456 994 527; x_wconf 77' lang='grc' dir='ltr'><em>μετὰ</em></span> <span class='ocrx_word' id='word_1_29' title='bbox 1015 456 1279 511; x_wconf 88' lang='grc' dir='ltr'><em>δυνάμεως</em></span> <span class='ocrx_word' id='word_1_30' title='bbox 1264 458 1329 500; x_wconf 83' lang='grc' dir='ltr'><em>επὶ</em></span> <span class='ocrx_word' id='word_1_31' title='bbox 1355 474 1434 512; x_wconf 87' lang='grc' dir='ltr'><em>την</em></span> <span class='ocrx_word' id='word_1_32' title='bbox 1462 455 1730 517; x_wconf 72' lang='grc' dir='ltr'><em>Ἀκράγαντα</em></span> <span class='ocrx_word' id='word_1_33' title='bbox 1759 475 1865 515; x_wconf 87' lang='grc' dir='ltr'><em>προ-</em></span> 
     </span>
     <span class='ocr_line' id='line_1_6' title="bbox 395 510 1866 582; baseline 0.003 -28"><span class='ocrx_word' id='word_1_34' title='bbox 395 510 451 551; x_wconf 78' lang='lat'><em>20</em></span> <span class='ocrx_word' id='word_1_35' title='bbox 480 515 630 567; x_wconf 77' lang='grc' dir='ltr'><em>ἦλθεν.</em></span> <span class='ocrx_word' id='word_1_36' title='bbox 675 511 803 563; x_wconf 82' lang='grc' dir='ltr'><em>ὄντος</em></span> <span class='ocrx_word' id='word_1_37' title='bbox 842 513 888 557; x_wconf 78' lang='grc' dir='ltr'><em>δὲ</em></span> <span class='ocrx_word' id='word_1_38' title='bbox 927 511 1068 556; x_wconf 80' lang='grc' dir='ltr'><em>αὐτοῦ</em></span> <span class='ocrx_word' id='word_1_39' title='bbox 1109 514 1206 568; x_wconf 87' lang='grc' dir='ltr'><em>περὶ</em></span> <span class='ocrx_word' id='word_1_40' title='bbox 1238 512 1318 582; x_wconf 84' lang='grc' dir='ltr'><em>τὴν</em></span> <span class='ocrx_word' id='word_1_41' title='bbox 1355 513 1621 569; x_wconf 78' lang='grc' dir='ltr'><em>ὁδοιπορίαν</em></span> <span class='ocrx_word' id='word_1_42' title='bbox 1664 516 1779 571; x_wconf 81' lang='grc' dir='ltr'><em>ἡκον</em></span> <span class='ocrx_word' id='word_1_43' title='bbox 1818 517 1866 559; x_wconf 83' lang='grc' dir='ltr'><em>έν</em></span> 
     </span>
     <span class='ocr_line' id='line_1_7' title="bbox 478 569 1865 641; baseline 0.003 -30"><span class='ocrx_word' id='word_1_44' title='bbox 478 569 612 613; x_wconf 88' lang='grc' dir='ltr'><em>ναυσὶ</em></span> <span class='ocrx_word' id='word_1_45' title='bbox 641 569 839 622; x_wconf 88' lang='grc' dir='ltr'><em>λέγοντες</em></span> <span class='ocrx_word' id='word_1_46' title='bbox 867 569 962 639; x_wconf 76' lang='grc' dir='ltr'><em>τὴν</em></span> <span class='ocrx_word' id='word_1_47' title='bbox 976 586 1185 624; x_wconf 86' lang='grc' dir='ltr'><em>φρουραν</em></span> <span class='ocrx_word' id='word_1_48' title='bbox 1213 570 1293 625; x_wconf 78' lang='grc' dir='ltr'><em>τήν</em></span> <span class='ocrx_word' id='word_1_49' title='bbox 1319 573 1638 626; x_wconf 83' lang='grc' dir='ltr'><em>Καρχηδονίων</em></span> <span class='ocrx_word' id='word_1_50' title='bbox 1669 573 1865 641; x_wconf 78' lang='grc' dir='ltr'><em>ἐκβεβλη-</em></span> 
     </span>
     <span class='ocr_line' id='line_1_8' title="bbox 477 624 1864 697; baseline 0.003 -29"><span class='ocrx_word' id='word_1_51' title='bbox 477 624 622 678; x_wconf 91' lang='grc' dir='ltr'><em>κέναι,</em></span> <span class='ocrx_word' id='word_1_52' title='bbox 666 625 720 682; x_wconf 79' lang='grc' dir='ltr'><em>ἢν</em></span> <span class='ocrx_word' id='word_1_53' title='bbox 745 631 892 696; x_wconf 82' lang='grc' dir='ltr'><em>εἰχον,</em></span> <span class='ocrx_word' id='word_1_54' title='bbox 936 625 1056 677; x_wconf 84' lang='grc' dir='ltr'><em>ὅπως</em></span> <span class='ocrx_word' id='word_1_55' title='bbox 1090 627 1148 681; x_wconf 81' lang='grc' dir='ltr'><em>μή</em></span> <span class='ocrx_word' id='word_1_56' title='bbox 1189 628 1369 677; x_wconf 78' lang='grc' dir='ltr'><em>Φιντίας</em></span> <span class='ocrx_word' id='word_1_57' title='bbox 1399 627 1670 697; x_wconf 76' lang='grc' dir='ltr'><em>δυναστεύσῃ</em></span> <span class='ocrx_word' id='word_1_58' title='bbox 1702 627 1864 682; x_wconf 84' lang='grc' dir='ltr'><em>αὐτων,</em></span> 
     </span>
     <span class='ocr_line' id='line_1_9' title="bbox 479 680 1865 752; baseline 0.004 -28"><span class='ocrx_word' id='word_1_59' title='bbox 479 682 678 734; x_wconf 88' lang='grc' dir='ltr'><em>λέγοντες</em></span> <span class='ocrx_word' id='word_1_60' title='bbox 706 680 787 752; x_wconf 78' lang='grc' dir='ltr'><em>τὴν</em></span> <span class='ocrx_word' id='word_1_61' title='bbox 809 682 940 726; x_wconf 91' lang='grc' dir='ltr'><em>πόλιν</em></span> <span class='ocrx_word' id='word_1_62' title='bbox 963 684 1243 737; x_wconf 83' lang='grc' dir='ltr'><em>παραδώσειν</em></span> <span class='ocrx_word' id='word_1_63' title='bbox 1272 684 1346 726; x_wconf 82' lang='grc' dir='ltr'><em>καὶ</em></span> <span class='ocrx_word' id='word_1_64' title='bbox 1373 683 1628 752; x_wconf 79' lang='grc' dir='ltr'><em>συμμάχους</em></span> <span class='ocrx_word' id='word_1_65' title='bbox 1645 685 1865 740; x_wconf 84' lang='grc' dir='ltr'><em>γενέσθαι.</em></span> 
     </span>
     <span class='ocr_line' id='line_1_10' title="bbox 480 737 1864 811; baseline 0.004 -31"><span class='ocrx_word' id='word_1_66' title='bbox 480 739 621 783; x_wconf 72' lang='grc' dir='ltr'><em>αὐτοῦ</em></span> <span class='ocrx_word' id='word_1_67' title='bbox 660 739 707 783; x_wconf 79' lang='grc' dir='ltr'><em>δὲ</em></span> <span class='ocrx_word' id='word_1_68' title='bbox 747 737 1049 794; x_wconf 76' lang='grc' dir='ltr'><em>ἀναλαβόντος</em></span> <span class='ocrx_word' id='word_1_69' title='bbox 1088 739 1167 794; x_wconf 84' lang='grc' dir='ltr'><em>τὴν</em></span> <span class='ocrx_word' id='word_1_70' title='bbox 1214 739 1445 793; x_wconf 79' lang='grc' dir='ltr'><em>στρατιάν,</em></span> <span class='ocrx_word' id='word_1_71' title='bbox 1492 742 1552 791; x_wconf 84' lang='grc' dir='ltr'><em>εἰς</em></span> <span class='ocrx_word' id='word_1_72' title='bbox 1591 741 1864 811; x_wconf 79' lang='grc' dir='ltr'><em>Ἀκράγαντα</em></span> 
     </span>
     <span class='ocr_line' id='line_1_11' title="bbox 391 794 1863 866; baseline 0.004 -30"><span class='ocrx_word' id='word_1_73' title='bbox 391 794 446 836; x_wconf 81' lang='lat'><em>25</em></span> <span class='ocrx_word' id='word_1_74' title='bbox 475 795 833 852; x_wconf 86' lang='grc' dir='ltr'><em>παραγενόμενος</em></span> <span class='ocrx_word' id='word_1_75' title='bbox 861 795 941 851; x_wconf 77' lang='grc' dir='ltr'><em>τὴν</em></span> <span class='ocrx_word' id='word_1_76' title='bbox 971 796 1050 852; x_wconf 75' lang='grc' dir='ltr'><em>μὲν</em></span> <span class='ocrx_word' id='word_1_77' title='bbox 1078 796 1208 839; x_wconf 89' lang='grc' dir='ltr'><em>πόλιν</em></span> <span class='ocrx_word' id='word_1_78' title='bbox 1239 796 1364 866; x_wconf 86' lang='grc' dir='ltr'><em>ε’λαβε</em></span> <span class='ocrx_word' id='word_1_79' title='bbox 1402 796 1521 852; x_wconf 78' lang='grc' dir='ltr'><em>παρά</em></span> <span class='ocrx_word' id='word_1_80' title='bbox 1550 797 1863 854; x_wconf 85' lang='grc' dir='ltr'><em>Σωσιστράτου</em></span> 
     </span>
     <span class='ocr_line' id='line_1_12' title="bbox 473 852 1863 923; baseline 0.003 -29"><span class='ocrx_word' id='word_1_81' title='bbox 473 869 548 895; x_wconf 87' lang='grc' dir='ltr'><em>και</em></span> <span class='ocrx_word' id='word_1_82' title='bbox 562 853 682 922; x_wconf 54' lang='grc' dir='ltr'><em>,τούς</em></span> <span class='ocrx_word' id='word_1_83' title='bbox 711 853 1003 907; x_wconf 80' lang='grc' dir='ltr'><em>στρατιώτας,</em></span> <span class='ocrx_word' id='word_1_84' title='bbox 1034 852 1191 905; x_wconf 81' lang='grc' dir='ltr'><em>πεζοὺς</em></span> <span class='ocrx_word' id='word_1_85' title='bbox 1219 853 1298 923; x_wconf 80' lang='grc' dir='ltr'><em>μὲν</em></span> <span class='ocrx_word' id='word_1_86' title='bbox 1326 852 1687 909; x_wconf 85' lang='grc' dir='ltr'><em>ὀκτακιςχιλίους,</em></span> <span class='ocrx_word' id='word_1_87' title='bbox 1720 857 1863 907; x_wconf 82' lang='grc' dir='ltr'><em>ἱππεῖς</em></span> 
     </span>
     <span class='ocr_line' id='line_1_13' title="bbox 473 907 1862 962; baseline 0.001 -9"><span class='ocrx_word' id='word_1_88' title='bbox 473 910 521 953; x_wconf 76' lang='grc' dir='ltr'><em>δὲ</em></span> <span class='ocrx_word' id='word_1_89' title='bbox 552 907 863 961; x_wconf 86' lang='grc' dir='ltr'><em>ὀκτακοσίους,</em></span> <span class='ocrx_word' id='word_1_90' title='bbox 893 908 1060 960; x_wconf 85' lang='grc' dir='ltr'><em>πάντας</em></span> <span class='ocrx_word' id='word_1_91' title='bbox 1090 910 1135 954; x_wconf 79' lang='grc' dir='ltr'><em>δὲ</em></span> <span class='ocrx_word' id='word_1_92' title='bbox 1165 907 1429 962; x_wconf 76' lang='grc' dir='ltr'><em>ἐπιλέκτους,</em></span> <span class='ocrx_word' id='word_1_93' title='bbox 1462 910 1593 954; x_wconf 76' lang='grc' dir='ltr'><em>οὐδὲν</em></span> <span class='ocrx_word' id='word_1_94' title='bbox 1623 910 1862 955; x_wconf 76' lang='grc' dir='ltr'><em>ἀπολειπο-</em></span> 
     </span>
     <span class='ocr_line' id='line_1_14' title="bbox 472 964 1862 1036; baseline 0.003 -28"><span class='ocrx_word' id='word_1_95' title='bbox 472 965 633 1024; x_wconf 83' lang='grc' dir='ltr'><em>μένους</em></span> <span class='ocrx_word' id='word_1_96' title='bbox 661 971 750 1023; x_wconf 71' lang='grc' dir='ltr'><em>τῷν</em></span> <span class='ocrx_word' id='word_1_97' title='bbox 775 964 1078 1020; x_wconf 78' lang='grc' dir='ltr'><em>Ηπειρωτῶν·</em></span> <span class='ocrx_word' id='word_1_98' title='bbox 1111 965 1329 1036; x_wconf 86' lang='grc' dir='ltr'><em>παρέλαβε</em></span> <span class='ocrx_word' id='word_1_99' title='bbox 1363 968 1410 1010; x_wconf 83' lang='grc' dir='ltr'><em>δὲ</em></span> <span class='ocrx_word' id='word_1_100' title='bbox 1432 968 1503 1010; x_wconf 86' lang='grc' dir='ltr'><em>και</em></span> <span class='ocrx_word' id='word_1_101' title='bbox 1524 968 1757 1028; x_wconf 82' lang='grc' dir='ltr'><em>τριάκοντα</em></span> <span class='ocrx_word' id='word_1_102' title='bbox 1787 967 1862 1012; x_wconf 88' lang='grc' dir='ltr'><em>πό-</em></span> 
     </span>
     <span class='ocr_line' id='line_1_15' title="bbox 474 1023 1863 1094; baseline 0.002 -29"><span class='ocrx_word' id='word_1_103' title='bbox 474 1027 560 1073; x_wconf 87' lang='grc' dir='ltr'><em>λεις</em></span> <span class='ocrx_word' id='word_1_104' title='bbox 591 1025 654 1066; x_wconf 77' lang='grc' dir='ltr'><em>ὠν</em></span> <span class='ocrx_word' id='word_1_105' title='bbox 683 1025 786 1079; x_wconf 77' lang='grc' dir='ltr'><em>ἠρχε</em></span> <span class='ocrx_word' id='word_1_106' title='bbox 802 1025 1131 1094; x_wconf 86' lang='grc' dir='ltr'><em>Σωσίστρατος.</em></span> <span class='ocrx_word' id='word_1_107' title='bbox 1161 1041 1265 1078; x_wconf 90' lang='grc' dir='ltr'><em>μετα</em></span> <span class='ocrx_word' id='word_1_108' title='bbox 1297 1024 1343 1068; x_wconf 78' lang='grc' dir='ltr'><em>δὲ</em></span> <span class='ocrx_word' id='word_1_109' title='bbox 1372 1028 1510 1067; x_wconf 81' lang='grc' dir='ltr'><em>ταῦτα</em></span> <span class='ocrx_word' id='word_1_110' title='bbox 1536 1023 1788 1075; x_wconf 79' lang='grc' dir='ltr'><em>ἀποστείλας</em></span> <span class='ocrx_word' id='word_1_111' title='bbox 1818 1024 1863 1076; x_wconf 84' lang='grc' dir='ltr'><em>ές</em></span> 
     </span>
     <span class='ocr_line' id='line_1_16' title="bbox 390 1079 1863 1152; baseline 0.003 -32"><span class='ocrx_word' id='word_1_112' title='bbox 390 1080 445 1121; x_wconf 83' lang='grc'><em>30</em></span> <span class='ocrx_word' id='word_1_113' title='bbox 474 1080 743 1134; x_wconf 86' lang='grc' dir='ltr'><em>Συρακόσας</em></span> <span class='ocrx_word' id='word_1_114' title='bbox 792 1079 956 1136; x_wconf 78' lang='grc' dir='ltr'><em>ἤγαγεν</em></span> <span class='ocrx_word' id='word_1_115' title='bbox 1005 1079 1174 1152; x_wconf 78' lang='grc' dir='ltr'><em>ὄργανα</em></span> <span class='ocrx_word' id='word_1_116' title='bbox 1221 1082 1536 1137; x_wconf 87' lang='grc' dir='ltr'><em>πολιορκητικα</em></span> <span class='ocrx_word' id='word_1_117' title='bbox 1594 1084 1670 1125; x_wconf 84' lang='grc' dir='ltr'><em>καὶ</em></span> <span class='ocrx_word' id='word_1_118' title='bbox 1720 1085 1863 1137; x_wconf 86' lang='grc' dir='ltr'><em>βελων</em></span> 
     </span>
     <span class='ocr_line' id='line_1_17' title="bbox 474 1137 1860 1206; baseline 0.002 -27"><span class='ocrx_word' id='word_1_119' title='bbox 474 1141 659 1193; x_wconf 79' lang='grc' dir='ltr'><em>πλῆθος.</em></span> <span class='ocrx_word' id='word_1_120' title='bbox 692 1137 978 1206; x_wconf 80' lang='grc' dir='ltr'><em>ἐστράτευσεν</em></span> <span class='ocrx_word' id='word_1_121' title='bbox 1009 1137 1077 1181; x_wconf 80' lang='grc' dir='ltr'><em>ἐπὶ</em></span> <span class='ocrx_word' id='word_1_122' title='bbox 1107 1138 1186 1194; x_wconf 80' lang='grc' dir='ltr'><em>τὴν</em></span> <span class='ocrx_word' id='word_1_123' title='bbox 1217 1141 1307 1181; x_wconf 76' lang='grc' dir='ltr'><em>τῶν</em></span> <span class='ocrx_word' id='word_1_124' title='bbox 1336 1139 1655 1194; x_wconf 86' lang='grc' dir='ltr'><em>Καρχηδονίων</em></span> <span class='ocrx_word' id='word_1_125' title='bbox 1686 1138 1860 1193; x_wconf 80' lang='grc' dir='ltr'><em>ἐπικρά-</em></span> 
     </span>
     <span class='ocr_line' id='line_1_18' title="bbox 472 1193 1860 1250; baseline 0.002 -14"><span class='ocrx_word' id='word_1_126' title='bbox 472 1210 614 1244; x_wconf 86' lang='grc' dir='ltr'><em>τειαν,</em></span> <span class='ocrx_word' id='word_1_127' title='bbox 646 1193 757 1249; x_wconf 86' lang='grc' dir='ltr'><em>ε’χων</em></span> <span class='ocrx_word' id='word_1_128' title='bbox 787 1193 944 1247; x_wconf 82' lang='grc' dir='ltr'><em>πεζους</em></span> <span class='ocrx_word' id='word_1_129' title='bbox 971 1195 1277 1249; x_wconf 88' lang='grc' dir='ltr'><em>τριςμυρίους</em></span> <span class='ocrx_word' id='word_1_130' title='bbox 1318 1196 1460 1246; x_wconf 84' lang='grc' dir='ltr'><em>ἱππεῖς</em></span> <span class='ocrx_word' id='word_1_131' title='bbox 1491 1195 1536 1238; x_wconf 78' lang='grc' dir='ltr'><em>δὲ</em></span> <span class='ocrx_word' id='word_1_132' title='bbox 1566 1197 1733 1250; x_wconf 90' lang='grc' dir='ltr'><em>χιλίους</em></span> <span class='ocrx_word' id='word_1_133' title='bbox 1762 1212 1860 1239; x_wconf 87' lang='grc' dir='ltr'><em>πεν-</em></span> 
     </span>
     <span class='ocr_line' id='line_1_19' title="bbox 471 1250 1860 1321; baseline 0.001 -28"><span class='ocrx_word' id='word_1_134' title='bbox 471 1253 707 1321; x_wconf 85' lang='grc' dir='ltr'><em>τακοσίους</em></span> <span class='ocrx_word' id='word_1_135' title='bbox 745 1251 820 1295; x_wconf 87' lang='grc' dir='ltr'><em>καὶ</em></span> <span class='ocrx_word' id='word_1_136' title='bbox 848 1251 1101 1306; x_wconf 81' lang='grc' dir='ltr'><em>ἐλέφαντας.</em></span> <span class='ocrx_word' id='word_1_137' title='bbox 1132 1251 1206 1296; x_wconf 88' lang='grc' dir='ltr'><em>καὶ</em></span> <span class='ocrx_word' id='word_1_138' title='bbox 1238 1250 1417 1308; x_wconf 73' lang='grc' dir='ltr'><em>πρώτην</em></span> <span class='ocrx_word' id='word_1_139' title='bbox 1445 1251 1576 1297; x_wconf 89' lang='grc' dir='ltr'><em>πόλιν</em></span> <span class='ocrx_word' id='word_1_140' title='bbox 1601 1251 1860 1307; x_wconf 86' lang='grc' dir='ltr'><em>Ηράκλειαν</em></span> 
     </span>
     <span class='ocr_line' id='line_1_20' title="bbox 384 1306 1858 1379; baseline 0.002 -29"><span class='ocrx_word' id='word_1_141' title='bbox 384 1313 439 1355; x_wconf 85' lang='grc'><em>35</em></span> <span class='ocrx_word' id='word_1_142' title='bbox 468 1306 677 1379; x_wconf 74' lang='grc' dir='ltr'><em>ἠγάγετο,</em></span> <span class='ocrx_word' id='word_1_143' title='bbox 738 1307 1086 1378; x_wconf 80' lang='grc' dir='ltr'><em>φρουρουμένην</em></span> <span class='ocrx_word' id='word_1_144' title='bbox 1135 1307 1225 1352; x_wconf 82' lang='grc' dir='ltr'><em>ὑπὸ</em></span> <span class='ocrx_word' id='word_1_145' title='bbox 1267 1310 1608 1379; x_wconf 85' lang='grc' dir='ltr'><em>Καρχηδονίων·</em></span> <span class='ocrx_word' id='word_1_146' title='bbox 1659 1326 1765 1364; x_wconf 89' lang='grc' dir='ltr'><em>μετα</em></span> <span class='ocrx_word' id='word_1_147' title='bbox 1812 1310 1858 1353; x_wconf 81' lang='grc' dir='ltr'><em>δὲ</em></span> 
     </span>
     <span class='ocr_line' id='line_1_21' title="bbox 467 1363 1925 1436; baseline 0.001 -29"><span class='ocrx_word' id='word_1_148' title='bbox 467 1368 606 1408; x_wconf 85' lang='grc' dir='ltr'><em>ταῦτα</em></span> <span class='ocrx_word' id='word_1_149' title='bbox 633 1363 818 1418; x_wconf 79' lang='grc' dir='ltr'><em>Ἀζῶνας</em></span> <span class='ocrx_word' id='word_1_150' title='bbox 846 1365 1103 1418; x_wconf 82' lang='grc' dir='ltr'><em>παρέλαβεν.</em></span> <span class='ocrx_word' id='word_1_151' title='bbox 1134 1363 1225 1408; x_wconf 78' lang='grc' dir='ltr'><em>εἶτα</em></span> <span class='ocrx_word' id='word_1_152' title='bbox 1254 1364 1564 1409; x_wconf 84' lang='grc' dir='ltr'><em>Σελινούντιοι</em></span> <span class='ocrx_word' id='word_1_153' title='bbox 1599 1369 1659 1423; x_wconf 80' lang='grc' dir='ltr'><em>τῷ</em></span> <span class='ocrx_word' id='word_1_154' title='bbox 1689 1369 1925 1436; x_wconf 69' lang='grc' dir='ltr'><em>βασιλεῖ498</em></span> 
     </span>
     <span class='ocr_line' id='line_1_22' title="bbox 467 1420 1857 1492; baseline 0.001 -27"><span class='ocrx_word' id='word_1_155' title='bbox 467 1421 808 1492; x_wconf 80' lang='grc' dir='ltr'><em>προςεχωρησαν</em></span> <span class='ocrx_word' id='word_1_156' title='bbox 837 1427 940 1466; x_wconf 81' lang='grc' dir='ltr'><em>εἰτα.</em></span> <span class='ocrx_word' id='word_1_157' title='bbox 977 1420 1216 1465; x_wconf 85' lang='grc' dir='ltr'><em>Αλικυαῖοι</em></span> <span class='ocrx_word' id='word_1_158' title='bbox 1242 1423 1315 1465; x_wconf 86' lang='grc' dir='ltr'><em>καὶ</em></span> <span class='ocrx_word' id='word_1_159' title='bbox 1329 1424 1593 1492; x_wconf 86' lang='grc' dir='ltr'><em>Αἰγεσταῖοι</em></span> <span class='ocrx_word' id='word_1_160' title='bbox 1623 1439 1697 1466; x_wconf 86' lang='grc' dir='ltr'><em>και</em></span> <span class='ocrx_word' id='word_1_161' title='bbox 1727 1421 1857 1466; x_wconf 78' lang='grc' dir='ltr'><em>ἄλλαι</em></span> 
     </span>
     <span class='ocr_line' id='line_1_23' title="bbox 468 1477 1858 1550; baseline 0.001 -29"><span class='ocrx_word' id='word_1_162' title='bbox 468 1483 666 1522; x_wconf 87' lang='grc' dir='ltr'><em>πλεῖσται</em></span> <span class='ocrx_word' id='word_1_163' title='bbox 694 1477 852 1530; x_wconf 84' lang='grc' dir='ltr'><em>πόλεις.</em></span> <span class='ocrx_word' id='word_1_164' title='bbox 907 1478 1138 1547; x_wconf 83' lang='grc' dir='ltr'><em>Ἐρυκίνης</em></span> <span class='ocrx_word' id='word_1_165' title='bbox 1168 1479 1215 1522; x_wconf 80' lang='grc' dir='ltr'><em>δὲ</em></span> <span class='ocrx_word' id='word_1_166' title='bbox 1237 1478 1423 1548; x_wconf 75' lang='grc' dir='ltr'><em>ἐχούσης</em></span> <span class='ocrx_word' id='word_1_167' title='bbox 1453 1496 1663 1550; x_wconf 78' lang='grc' dir='ltr'><em>φρουραν</em></span> <span class='ocrx_word' id='word_1_168' title='bbox 1692 1478 1858 1531; x_wconf 79' lang='grc' dir='ltr'><em>άξιόλο-</em></span> 
     </span>
     <span class='ocr_line' id='line_1_24' title="bbox 467 1534 1858 1606; baseline 0 -27"><span class='ocrx_word' id='word_1_169' title='bbox 467 1553 547 1590; x_wconf 85' lang='grc' dir='ltr'><em>γον</em></span> <span class='ocrx_word' id='word_1_170' title='bbox 579 1538 918 1606; x_wconf 84' lang='grc' dir='ltr'><em>Καρχηδονίων,</em></span> <span class='ocrx_word' id='word_1_171' title='bbox 956 1536 1031 1579; x_wconf 81' lang='grc' dir='ltr'><em>καὶ</em></span> <span class='ocrx_word' id='word_1_172' title='bbox 1037 1535 1204 1606; x_wconf 85' lang='grc' dir='ltr'><em>φύσιν</em></span> <span class='ocrx_word' id='word_1_173' title='bbox 1243 1534 1426 1592; x_wconf 84' lang='grc' dir='ltr'><em>εχούσης</em></span> <span class='ocrx_word' id='word_1_174' title='bbox 1457 1534 1626 1591; x_wconf 86' lang='grc' dir='ltr'><em>ὀχυραν</em></span> <span class='ocrx_word' id='word_1_175' title='bbox 1658 1537 1734 1579; x_wconf 85' lang='grc' dir='ltr'><em>καὶ</em></span> <span class='ocrx_word' id='word_1_176' title='bbox 1762 1540 1858 1588; x_wconf 89' lang='grc' dir='ltr'><em>δυς-</em></span> 
     </span>
     <span class='ocr_line' id='line_1_25' title="bbox 385 1590 1856 1662; baseline -0.001 -25"><span class='ocrx_word' id='word_1_177' title='bbox 385 1602 438 1644; x_wconf 83' lang='grc'><em>40</em></span> <span class='ocrx_word' id='word_1_178' title='bbox 470 1591 786 1648; x_wconf 86' lang='grc' dir='ltr'><em>πολιόρκητον,</em></span> <span class='ocrx_word' id='word_1_179' title='bbox 828 1594 997 1646; x_wconf 87' lang='grc' dir='ltr'><em>ε’κρινεν</em></span> <span class='ocrx_word' id='word_1_180' title='bbox 1027 1590 1051 1635; x_wconf 88' lang='grc' dir='ltr'>ὁ</span> <span class='ocrx_word' id='word_1_181' title='bbox 1085 1592 1268 1648; x_wconf 79' lang='grc' dir='ltr'><em>Πύρρος</em></span> <span class='ocrx_word' id='word_1_182' title='bbox 1298 1594 1373 1650; x_wconf 81' lang='grc' dir='ltr'><em>βία</em></span> <span class='ocrx_word' id='word_1_183' title='bbox 1402 1592 1576 1662; x_wconf 87' lang='grc' dir='ltr'><em>ταύτην</em></span> <span class='ocrx_word' id='word_1_184' title='bbox 1594 1592 1752 1644; x_wconf 80' lang='grc' dir='ltr'><em>ἐξελεῖν</em></span> <span class='ocrx_word' id='word_1_185' title='bbox 1783 1592 1856 1636; x_wconf 80' lang='grc' dir='ltr'><em>διὰ</em></span> 
     </span>
     <span class='ocr_line' id='line_1_26' title="bbox 468 1649 1856 1722; baseline 0 -30"><span class='ocrx_word' id='word_1_186' title='bbox 468 1653 737 1705; x_wconf 85' lang='grc' dir='ltr'><em>πολιορκίας.</em></span> <span class='ocrx_word' id='word_1_187' title='bbox 781 1651 850 1694; x_wconf 87' lang='grc' dir='ltr'><em>διὸ</em></span> <span class='ocrx_word' id='word_1_188' title='bbox 880 1650 951 1694; x_wconf 82' lang='grc' dir='ltr'><em>καὶ</em></span> <span class='ocrx_word' id='word_1_189' title='bbox 995 1655 1088 1702; x_wconf 89' lang='grc' dir='ltr'><em>τοῖς</em></span> <span class='ocrx_word' id='word_1_190' title='bbox 1126 1652 1282 1705; x_wconf 88' lang='grc' dir='ltr'><em>τείχεσι</em></span> <span class='ocrx_word' id='word_1_191' title='bbox 1318 1649 1610 1705; x_wconf 80' lang='grc' dir='ltr'><em>προςαγαγών</em></span> <span class='ocrx_word' id='word_1_192' title='bbox 1648 1649 1856 1722; x_wconf 81' lang='grc' dir='ltr'><em>μηχανάς,</em></span> 
     </span>
     <span class='ocr_line' id='line_1_27' title="bbox 466 1704 1857 1775; baseline 0 -25"><span class='ocrx_word' id='word_1_193' title='bbox 466 1707 540 1750; x_wconf 82' lang='grc' dir='ltr'><em>καὶ</em></span> <span class='ocrx_word' id='word_1_194' title='bbox 570 1709 826 1763; x_wconf 84' lang='grc' dir='ltr'><em>πολιορκίας</em></span> <span class='ocrx_word' id='word_1_195' title='bbox 855 1704 1045 1775; x_wconf 80' lang='grc' dir='ltr'><em>μεγάλης</em></span> <span class='ocrx_word' id='word_1_196' title='bbox 1076 1707 1314 1763; x_wconf 82' lang='grc' dir='ltr'><em>γενομένης</em></span> <span class='ocrx_word' id='word_1_197' title='bbox 1350 1707 1425 1750; x_wconf 84' lang='grc' dir='ltr'><em>καὶ</em></span> <span class='ocrx_word' id='word_1_198' title='bbox 1464 1708 1644 1762; x_wconf 81' lang='grc' dir='ltr'><em>ἰσχυρᾶς</em></span> <span class='ocrx_word' id='word_1_199' title='bbox 1681 1707 1751 1751; x_wconf 78' lang='grc' dir='ltr'><em>ἐπὶ</em></span> <span class='ocrx_word' id='word_1_200' title='bbox 1780 1723 1857 1752; x_wconf 90' lang='grc' dir='ltr'><em>πο-</em></span> 
     </span>
     <span class='ocr_line' id='line_1_28' title="bbox 464 1761 1856 1835; baseline 0 -29"><span class='ocrx_word' id='word_1_201' title='bbox 464 1764 548 1806; x_wconf 81' lang='grc' dir='ltr'><em>λύν</em></span> <span class='ocrx_word' id='word_1_202' title='bbox 575 1764 754 1820; x_wconf 87' lang='grc' dir='ltr'><em>χρόνον,</em></span> <span class='ocrx_word' id='word_1_203' title='bbox 786 1762 1066 1834; x_wconf 86' lang='grc' dir='ltr'><em>βουλόμενος</em></span> <span class='ocrx_word' id='word_1_204' title='bbox 1088 1761 1420 1820; x_wconf 79' lang='grc' dir='ltr'><em>φιλοδοξῆσαι</em></span> <span class='ocrx_word' id='word_1_205' title='bbox 1397 1781 1420 1808; x_wconf 93' lang='grc' dir='ltr'><em>ο</em></span> <span class='ocrx_word' id='word_1_206' title='bbox 1452 1763 1652 1821; x_wconf 79' lang='grc' dir='ltr'><em>βασιλεὺς</em></span> <span class='ocrx_word' id='word_1_207' title='bbox 1682 1765 1756 1807; x_wconf 82' lang='grc' dir='ltr'><em>καὶ</em></span> <span class='ocrx_word' id='word_1_208' title='bbox 1770 1764 1856 1835; x_wconf 84' lang='grc' dir='ltr'><em>τὴν</em></span> 
     </span>
     <span class='ocr_line' id='line_1_29' title="bbox 384 1818 1854 1892; baseline 0.001 -30"><span class='ocrx_word' id='word_1_209' title='bbox 384 1835 437 1878; x_wconf 81' lang='lat'><em>45</em></span> <span class='ocrx_word' id='word_1_210' title='bbox 461 1818 726 1875; x_wconf 70' lang='grc' dir='ltr'><em>Ἱῑρακλέους</em></span> <span class='ocrx_word' id='word_1_211' title='bbox 753 1819 876 1873; x_wconf 81' lang='grc' dir='ltr'><em>τάξιν</em></span> <span class='ocrx_word' id='word_1_212' title='bbox 900 1819 1209 1892; x_wconf 70' lang='grc' dir='ltr'><em>ἁμιλλώμενος,</em></span> <span class='ocrx_word' id='word_1_213' title='bbox 1238 1824 1411 1876; x_wconf 74' lang='grc' dir='ltr'><em>πρῶτος</em></span> <span class='ocrx_word' id='word_1_214' title='bbox 1439 1826 1532 1872; x_wconf 82' lang='grc' dir='ltr'><em>τοῖς</em></span> <span class='ocrx_word' id='word_1_215' title='bbox 1559 1823 1743 1890; x_wconf 86' lang='grc' dir='ltr'><em>τείχεσιν</em></span> <span class='ocrx_word' id='word_1_216' title='bbox 1765 1819 1854 1863; x_wconf 87' lang='grc' dir='ltr'><em>έπέ-</em></span> 
     </span>
     <span class='ocr_line' id='line_1_30' title="bbox 466 1877 1855 1948; baseline -0.001 -26"><span class='ocrx_word' id='word_1_217' title='bbox 466 1881 594 1933; x_wconf 81' lang='grc' dir='ltr'><em>βαλε,</em></span> <span class='ocrx_word' id='word_1_218' title='bbox 633 1879 707 1922; x_wconf 84' lang='grc' dir='ltr'><em>καὶ</em></span> <span class='ocrx_word' id='word_1_219' title='bbox 742 1878 884 1935; x_wconf 84' lang='grc' dir='ltr'><em>μάχην</em></span> <span class='ocrx_word' id='word_1_220' title='bbox 928 1877 1128 1948; x_wconf 81' lang='grc' dir='ltr'><em>ἦρωικην</em></span> <span class='ocrx_word' id='word_1_221' title='bbox 1170 1877 1499 1933; x_wconf 86' lang='grc' dir='ltr'><em>συστησάμενος</em></span> <span class='ocrx_word' id='word_1_222' title='bbox 1539 1894 1644 1928; x_wconf 91' lang='grc' dir='ltr'><em>τους</em></span> <span class='ocrx_word' id='word_1_223' title='bbox 1681 1877 1855 1948; x_wconf 68' lang='grc' dir='ltr'><em>ἐπιρρά-</em></span> 
     </span>
     <span class='ocr_line' id='line_1_31' title="bbox 467 1934 1854 1995; baseline 0 -18"><span class='ocrx_word' id='word_1_224' title='bbox 467 1938 622 1987; x_wconf 81' lang='grc' dir='ltr'><em>ξιιντας</em></span> <span class='ocrx_word' id='word_1_225' title='bbox 641 1938 972 1991; x_wconf 83' lang='grc' dir='ltr'><em>Καρχηδονίους</em></span> <span class='ocrx_word' id='word_1_226' title='bbox 989 1934 1230 1978; x_wconf 82' lang='grc' dir='ltr'><em>άπέκτεινε·</em></span> <span class='ocrx_word' id='word_1_227' title='bbox 1260 1934 1674 1995; x_wconf 81' lang='grc' dir='ltr'><em>συνεπιλαβομένων</em></span> <span class='ocrx_word' id='word_1_228' title='bbox 1704 1935 1750 1978; x_wconf 82' lang='grc' dir='ltr'><em>δὲ</em></span> <span class='ocrx_word' id='word_1_229' title='bbox 1779 1935 1854 1978; x_wconf 84' lang='grc' dir='ltr'><em>καὶ</em></span> 
     </span>
     <span class='ocr_line' id='line_1_32' title="bbox 464 1988 1854 2062; baseline 0.001 -28"><span class='ocrx_word' id='word_1_230' title='bbox 464 1996 555 2036; x_wconf 74' lang='grc' dir='ltr'><em>τῶν</em></span> <span class='ocrx_word' id='word_1_231' title='bbox 586 1992 730 2037; x_wconf 74' lang='grc' dir='ltr'><em>ἄλλων</em></span> <span class='ocrx_word' id='word_1_232' title='bbox 761 1995 904 2049; x_wconf 85' lang='grc' dir='ltr'><em>φίλων</em></span> <span class='ocrx_word' id='word_1_233' title='bbox 934 2009 1045 2036; x_wconf 85' lang='grc' dir='ltr'><em>κατα</em></span> <span class='ocrx_word' id='word_1_234' title='bbox 1071 1992 1230 2062; x_wconf 85' lang='grc' dir='ltr'><em>κράτος</em></span> <span class='ocrx_word' id='word_1_235' title='bbox 1259 1988 1343 2036; x_wconf 84' lang='grc' dir='ltr'><em>εἷλε</em></span> <span class='ocrx_word' id='word_1_236' title='bbox 1374 1992 1452 2047; x_wconf 80' lang='grc' dir='ltr'><em>τὴν</em></span> <span class='ocrx_word' id='word_1_237' title='bbox 1480 1994 1621 2035; x_wconf 88' lang='grc' dir='ltr'><em>πόλιν.</em></span> <span class='ocrx_word' id='word_1_238' title='bbox 1644 2008 1854 2060; x_wconf 79' lang='grc' dir='ltr'><em>φρουραν</em></span> 
     </span>
     <span class='ocr_line' id='line_1_33' title="bbox 465 2047 1852 2119; baseline 0.001 -28"><span class='ocrx_word' id='word_1_239' title='bbox 465 2049 510 2092; x_wconf 87' lang='grc' dir='ltr'><em>δε</em></span> <span class='ocrx_word' id='word_1_240' title='bbox 532 2062 805 2119; x_wconf 87' lang='grc' dir='ltr'><em>καταστησας</em></span> <span class='ocrx_word' id='word_1_241' title='bbox 835 2050 882 2093; x_wconf 79' lang='grc' dir='ltr'><em>ἐν</em></span> <span class='ocrx_word' id='word_1_242' title='bbox 914 2048 1025 2106; x_wconf 68' lang='grc' dir='ltr'><em>αὕτη</em></span> <span class='ocrx_word' id='word_1_243' title='bbox 1056 2047 1198 2105; x_wconf 83' lang='grc' dir='ltr'><em>άπῆρε</em></span> <span class='ocrx_word' id='word_1_244' title='bbox 1220 2048 1332 2103; x_wconf 82' lang='grc' dir='ltr'><em>πρὸς</em></span> <span class='ocrx_word' id='word_1_245' title='bbox 1360 2065 1440 2104; x_wconf 88' lang='grc' dir='ltr'><em>την</em></span> <span class='ocrx_word' id='word_1_246' title='bbox 1467 2047 1681 2095; x_wconf 85' lang='grc' dir='ltr'><em>Ἰαιτίνων</em></span> <span class='ocrx_word' id='word_1_247' title='bbox 1708 2047 1852 2100; x_wconf 88' lang='grc' dir='ltr'><em>πόλιν,</em></span> 
     </span>
     <span class='ocr_line' id='line_1_34' title="bbox 378 2103 1853 2178; baseline 0.001 -30"><span class='ocrx_word' id='word_1_248' title='bbox 378 2112 433 2156; x_wconf 88' lang='lat'><em>50</em></span> <span class='ocrx_word' id='word_1_249' title='bbox 465 2103 697 2177; x_wconf 83' lang='grc' dir='ltr'><em>ὀχυρότητι</em></span> <span class='ocrx_word' id='word_1_250' title='bbox 726 2106 1030 2178; x_wconf 86' lang='grc' dir='ltr'><em>διαφέρουσαν</em></span> <span class='ocrx_word' id='word_1_251' title='bbox 1066 2107 1141 2151; x_wconf 84' lang='grc' dir='ltr'><em>καὶ</em></span> <span class='ocrx_word' id='word_1_252' title='bbox 1178 2105 1289 2150; x_wconf 78' lang='grc' dir='ltr'><em>κατὰ</em></span> <span class='ocrx_word' id='word_1_253' title='bbox 1316 2110 1400 2149; x_wconf 82' lang='grc' dir='ltr'><em>τοῦ</em></span> <span class='ocrx_word' id='word_1_254' title='bbox 1432 2103 1680 2175; x_wconf 88' lang='grc' dir='ltr'><em>Πανόρμου</em></span> <span class='ocrx_word' id='word_1_255' title='bbox 1709 2109 1853 2156; x_wconf 75' lang='grc' dir='ltr'><em>καλῶς</em></span> 
     </span>
     <span class='ocr_line' id='line_1_35' title="bbox 461 2161 1852 2235; baseline 0 -30"><span class='ocrx_word' id='word_1_256' title='bbox 461 2164 676 2235; x_wconf 72' lang='grc' dir='ltr'><em>κειμένην.</em></span> <span class='ocrx_word' id='word_1_257' title='bbox 702 2169 791 2207; x_wconf 79' lang='grc' dir='ltr'><em>τῶν</em></span> <span class='ocrx_word' id='word_1_258' title='bbox 815 2165 862 2208; x_wconf 80' lang='grc' dir='ltr'><em>δὲ</em></span> <span class='ocrx_word' id='word_1_259' title='bbox 886 2162 1098 2208; x_wconf 85' lang='grc' dir='ltr'><em>Ἰαιτίνων</em></span> <span class='ocrx_word' id='word_1_260' title='bbox 1121 2163 1332 2213; x_wconf 76' lang='grc' dir='ltr'><em>ἑκουσίως</em></span> <span class='ocrx_word' id='word_1_261' title='bbox 1357 2161 1762 2235; x_wconf 78' lang='grc' dir='ltr'><em>προςχωρησάντων</em></span> <span class='ocrx_word' id='word_1_262' title='bbox 1784 2179 1852 2205; x_wconf 90' lang='grc' dir='ltr'><em>ευ-</em></span> 
     </span>
     <span class='ocr_line' id='line_1_36' title="bbox 460 2219 1852 2293; baseline -0.001 -30"><span class='ocrx_word' id='word_1_263' title='bbox 460 2220 548 2270; x_wconf 81' lang='grc' dir='ltr'><em>θυς</em></span> <span class='ocrx_word' id='word_1_264' title='bbox 575 2223 680 2276; x_wconf 75' lang='grc' dir='ltr'><em>ἡκεν</em></span> <span class='ocrx_word' id='word_1_265' title='bbox 719 2221 788 2265; x_wconf 75' lang='grc' dir='ltr'><em>ἐπὶ</em></span> <span class='ocrx_word' id='word_1_266' title='bbox 827 2238 917 2265; x_wconf 83' lang='grc' dir='ltr'><em>των</em></span> <span class='ocrx_word' id='word_1_267' title='bbox 947 2224 1245 2293; x_wconf 66' lang='grc' dir='ltr'><em>ῌανορμιτῶν</em></span> <span class='ocrx_word' id='word_1_268' title='bbox 1280 2219 1431 2273; x_wconf 89' lang='grc' dir='ltr'><em>πόλιν,</em></span> <span class='ocrx_word' id='word_1_269' title='bbox 1454 2221 1658 2278; x_wconf 76' lang='grc' dir='ltr'><em>ἔχουσαν</em></span> <span class='ocrx_word' id='word_1_270' title='bbox 1696 2219 1852 2274; x_wconf 80' lang='grc' dir='ltr'><em>λιμένα</em></span> 
     </span>
     <span class='ocr_line' id='line_1_37' title="bbox 459 2275 1852 2334; baseline -0.003 -11"><span class='ocrx_word' id='word_1_271' title='bbox 459 2277 694 2326; x_wconf 78' lang='grc' dir='ltr'><em>κάλλιστον</em></span> <span class='ocrx_word' id='word_1_272' title='bbox 738 2282 828 2325; x_wconf 78' lang='grc' dir='ltr'><em>τῶν</em></span> <span class='ocrx_word' id='word_1_273' title='bbox 868 2296 979 2325; x_wconf 84' lang='grc' dir='ltr'><em>κατα</em></span> <span class='ocrx_word' id='word_1_274' title='bbox 1019 2279 1253 2331; x_wconf 85' lang='grc' dir='ltr'><em>Σικελίαν,</em></span> <span class='ocrx_word' id='word_1_275' title='bbox 1291 2275 1374 2334; x_wconf 76' lang='grc' dir='ltr'><em>ἀφ’</em></span> <span class='ocrx_word' id='word_1_276' title='bbox 1416 2279 1471 2325; x_wconf 84' lang='grc' dir='ltr'><em>οὐ</em></span> <span class='ocrx_word' id='word_1_277' title='bbox 1506 2277 1581 2322; x_wconf 87' lang='grc' dir='ltr'><em>καὶ</em></span> <span class='ocrx_word' id='word_1_278' title='bbox 1609 2276 1691 2334; x_wconf 78' lang='grc' dir='ltr'><em>τὴν</em></span> <span class='ocrx_word' id='word_1_279' title='bbox 1718 2277 1852 2320; x_wconf 91' lang='grc' dir='ltr'><em>πόλιν</em></span> 
     </span>
    </p>
   </div>
   <div class='ocr_carea' id='block_1_3' title="bbox 456 2365 1851 2834">
    <p class='ocr_par' dir='ltr' id='par_1_3' title="bbox 456 2365 1851 2559">
     <span class='ocr_line' id='line_1_38' title="bbox 458 2365 1848 2414; baseline -0.003 -8"><span class='ocrx_word' id='word_1_280' title='bbox 458 2371 514 2407; x_wconf 71' lang='lat'><em>14</em></span> <span class='ocrx_word' id='word_1_281' title='bbox 534 2371 610 2406; x_wconf 77' lang='grc' dir='ltr'><em>τῶν</em></span> <span class='ocrx_word' id='word_1_282' title='bbox 622 2368 830 2414; x_wconf 85' lang='grc' dir='ltr'><em>Δαρδάνων</em></span> <span class='ocrx_word' id='word_1_283' title='bbox 841 2370 971 2413; x_wconf 64' lang='lat' dir='ltr'><strong>Rhod„</strong></span> <span class='ocrx_word' id='word_1_284' title='bbox 995 2383 1064 2405; x_wconf 90' lang='grc' dir='ltr'><em>του</em></span> <span class='ocrx_word' id='word_1_285' title='bbox 1085 2367 1290 2413; x_wconf 85' lang='grc' dir='ltr'><em>Δαρδάνου</em></span> <span class='ocrx_word' id='word_1_286' title='bbox 1314 2371 1352 2403; x_wconf 93' lang='grc' dir='ltr'><strong><em>Η</em></strong></span> <span class='ocrx_word' id='word_1_287' title='bbox 1435 2369 1493 2405; x_wconf 84' lang='grc'><strong>26.</strong></span> <span class='ocrx_word' id='word_1_288' title='bbox 1512 2367 1692 2413; x_wconf 80' lang='grc' dir='ltr'><em>ὅκτακιςχ.</em></span> <span class='ocrx_word' id='word_1_289' title='bbox 1702 2365 1848 2411; x_wconf 77' lang='grc' dir='ltr'><em>-ὄκτ,]</em></span> 
     </span>
     <span class='ocr_line' id='line_1_39' title="bbox 461 2412 1851 2462; baseline -0.001 -11.987"><span class='ocrx_word' id='word_1_290' title='bbox 461 2415 601 2462; x_wconf 84' lang='grc' dir='ltr'><em>η-ω’</em></span> <span class='ocrx_word' id='word_1_291' title='bbox 622 2419 658 2451; x_wconf 86' lang='grc' dir='ltr'><em>Η</em></span> <span class='ocrx_word' id='word_1_292' title='bbox 736 2417 793 2452; x_wconf 74' lang='lat'><em>27.</em></span> <span class='ocrx_word' id='word_1_293' title='bbox 814 2415 1142 2461; x_wconf 71' lang='grc' dir='ltr'><em>ἀπολειπομένους]</em></span> <span class='ocrx_word' id='word_1_294' title='bbox 1168 2415 1509 2460; x_wconf 77' lang='grc' dir='ltr'><em>ἄπολιπομένουςΗ</em></span> <span class='ocrx_word' id='word_1_295' title='bbox 1611 2415 1670 2449; x_wconf 84' lang='lat'><em>31.</em></span> <span class='ocrx_word' id='word_1_296' title='bbox 1684 2412 1766 2459; x_wconf 85' lang='grc' dir='ltr'><em>τὴν]</em></span> <span class='ocrx_word' id='word_1_297' title='bbox 1784 2415 1851 2459; x_wconf 84' lang='grc' dir='ltr'><em>τῆς</em></span> 
     </span>
     <span class='ocr_line' id='line_1_40' title="bbox 458 2461 1849 2509; baseline -0.001 -10"><span class='ocrx_word' id='word_1_298' title='bbox 458 2465 496 2499; x_wconf 89' lang='lat' dir='ltr'>H</span> <span class='ocrx_word' id='word_1_299' title='bbox 564 2465 622 2499; x_wconf 81' lang='grc'><strong>32.</strong></span> <span class='ocrx_word' id='word_1_300' title='bbox 641 2467 708 2508; x_wconf 84' lang='grc' dir='ltr'><em>χιλ.</em></span> <span class='ocrx_word' id='word_1_301' title='bbox 727 2463 841 2505; x_wconf 88' lang='grc' dir='ltr'><em>πεντ.]</em></span> <span class='ocrx_word' id='word_1_302' title='bbox 862 2462 938 2509; x_wconf 84' lang='grc' dir='ltr'><em>αφ’</em></span> <span class='ocrx_word' id='word_1_303' title='bbox 958 2464 996 2498; x_wconf 83' lang='grc' dir='ltr'><em>Η</em></span> <span class='ocrx_word' id='word_1_304' title='bbox 1065 2463 1123 2499; x_wconf 76' lang='lat'><em>34</em></span> <span class='ocrx_word' id='word_1_305' title='bbox 1143 2461 1314 2509; x_wconf 77' lang='grc' dir='ltr'><em>ἠγάγετο]</em></span> <span class='ocrx_word' id='word_1_306' title='bbox 1336 2461 1548 2509; x_wconf 68' lang='grc' dir='ltr'><em>ὑπημὶγετο</em></span> <span class='ocrx_word' id='word_1_307' title='bbox 1566 2462 1697 2504; x_wconf 66' lang='lat' dir='ltr'>Rhod„</span> <span class='ocrx_word' id='word_1_308' title='bbox 1715 2474 1849 2506; x_wconf 74' lang='grc' dir='ltr'><em>προςη-</em></span> 
     </span>
     <span class='ocr_line' id='line_1_41' title="bbox 456 2509 859 2559; baseline -0.015 -12"><span class='ocrx_word' id='word_1_309' title='bbox 456 2509 588 2559; x_wconf 85' lang='grc' dir='ltr'><em>γάγετο</em></span> <span class='ocrx_word' id='word_1_310' title='bbox 621 2523 689 2551; x_wconf 65' lang='lat' dir='ltr'><em>ego</em></span> <span class='ocrx_word' id='word_1_311' title='bbox 713 2509 859 2544; x_wconf 86' lang='lat' dir='ltr'><strong>coniicio</strong></span> 
     </span>
    </p>

    <p class='ocr_par' dir='ltr' id='par_1_4' title="bbox 535 2552 1848 2610">
     <span class='ocr_line' id='line_1_42' title="bbox 535 2552 1848 2610; baseline -0.005 -17"><span class='ocrx_word' id='word_1_312' title='bbox 535 2558 616 2594; x_wconf 52' lang='lat'><em>498.</em></span> <span class='ocrx_word' id='word_1_313' title='bbox 635 2557 694 2592; x_wconf 82' lang='lat'>36.</span> <span class='ocrx_word' id='word_1_314' title='bbox 706 2553 956 2591; x_wconf 70' lang='grc' dir='ltr'><em>Αλικυαῖοι-</em></span> <span class='ocrx_word' id='word_1_315' title='bbox 970 2557 1176 2599; x_wconf 82' lang='grc' dir='ltr'><em>Αἰγεσταῖοι</em></span> <span class='ocrx_word' id='word_1_316' title='bbox 1189 2556 1320 2596; x_wconf 78' lang='lat' dir='ltr'>Rhnd,</span> <span class='ocrx_word' id='word_1_317' title='bbox 1340 2552 1799 2610; x_wconf 81' lang='grc' dir='ltr'><em>Ἀλιηναῖοι-Αἰγεταῖοι</em></span> <span class='ocrx_word' id='word_1_318' title='bbox 1813 2554 1848 2587; x_wconf 89' lang='grc' dir='ltr'><em>Η</em></span> 
     </span>
    </p>

    <p class='ocr_par' dir='ltr' id='par_1_5' title="bbox 458 2597 1846 2738">
     <span class='ocr_line' id='line_1_43' title="bbox 551 2597 1846 2657; baseline -0.002 -20"><span class='ocrx_word' id='word_1_319' title='bbox 551 2604 607 2637; x_wconf 77' lang='lat'><em>43.</em></span> <span class='ocrx_word' id='word_1_320' title='bbox 634 2601 702 2647; x_wconf 84' lang='grc' dir='ltr'><em>τὴν</em></span> <span class='ocrx_word' id='word_1_321' title='bbox 730 2600 952 2645; x_wconf 79' lang='grc' dir='ltr'><em>Ηρακλέους</em></span> <span class='ocrx_word' id='word_1_322' title='bbox 982 2601 1089 2645; x_wconf 74' lang='grc' dir='ltr'><em>τάξιν</em></span> <span class='ocrx_word' id='word_1_323' title='bbox 1123 2600 1407 2657; x_wconf 79' lang='grc' dir='ltr'><em>ἁμιλλώμενος]</em></span> <span class='ocrx_word' id='word_1_324' title='bbox 1419 2602 1547 2635; x_wconf 77' lang='lat' dir='ltr'><strong>fortass</strong></span> <span class='ocrx_word' id='word_1_325' title='bbox 1550 2613 1570 2634; x_wconf 83' lang='lat' dir='ltr'><strong>e</strong></span> <span class='ocrx_word' id='word_1_326' title='bbox 1601 2603 1646 2646; x_wconf 85' lang='grc' dir='ltr'><em>τῇ</em></span> <span class='ocrx_word' id='word_1_327' title='bbox 1674 2597 1729 2635; x_wconf 84' lang='lat' dir='ltr'><em>H.</em></span> <span class='ocrx_word' id='word_1_328' title='bbox 1757 2597 1846 2645; x_wconf 80' lang='grc' dir='ltr'><em>δόξῃ</em></span> 
     </span>
     <span class='ocr_line' id='line_1_44' title="bbox 458 2645 1846 2701; baseline -0.006 -14.841"><span class='ocrx_word' id='word_1_329' title='bbox 458 2648 708 2696; x_wconf 77' lang='grc' dir='ltr'><em>ἁμιλλώμενος</em></span> <span class='ocrx_word' id='word_1_330' title='bbox 731 2650 789 2682; x_wconf 84' lang='lat' dir='ltr'><em>vel</em></span> <span class='ocrx_word' id='word_1_331' title='bbox 817 2647 1129 2691; x_wconf 81' lang='grc' dir='ltr'><em>διαμιλλωιιενος,</em></span> <span class='ocrx_word' id='word_1_332' title='bbox 1155 2650 1228 2683; x_wconf 83' lang='lat' dir='ltr'>sive</span> <span class='ocrx_word' id='word_1_333' title='bbox 1251 2645 1343 2701; x_wconf 86' lang='grc' dir='ltr'><em>πρὸς</em></span> <span class='ocrx_word' id='word_1_334' title='bbox 1365 2645 1434 2687; x_wconf 78' lang='grc' dir='ltr'><em>τὴν</em></span> <span class='ocrx_word' id='word_1_335' title='bbox 1452 2645 1508 2681; x_wconf 88' lang='lat' dir='ltr'><em>H.</em></span> <span class='ocrx_word' id='word_1_336' title='bbox 1538 2645 1673 2689; x_wconf 79' lang='grc' dir='ltr'><em>δόξαν,</em></span> <span class='ocrx_word' id='word_1_337' title='bbox 1698 2658 1846 2689; x_wconf 79' lang='lat' dir='ltr'><strong>quorum</strong></span> 
     </span>
     <span class='ocr_line' id='line_1_45' title="bbox 458 2691 1845 2738; baseline -0.004 -6"><span class='ocrx_word' id='word_1_338' title='bbox 458 2700 525 2732; x_wconf 80' lang='lat' dir='ltr'><em>hoc</em></span> <span class='ocrx_word' id='word_1_339' title='bbox 549 2702 602 2731; x_wconf 65' lang='lat' dir='ltr'><em>est</em></span> <span class='ocrx_word' id='word_1_340' title='bbox 622 2697 682 2730; x_wconf 79' lang='lat' dir='ltr'><em>xl.</em></span> <span class='ocrx_word' id='word_1_341' title='bbox 702 2695 772 2732; x_wconf 78' lang='lat'><strong>84..</strong></span> <span class='ocrx_word' id='word_1_342' title='bbox 795 2692 1367 2738; x_wconf 63' lang='lat' dir='ltr'><em>inudxul.85.49.0}⁷zr14›e</em></span> <span class='ocrx_word' id='word_1_343' title='bbox 1395 2695 1475 2728; x_wconf 73' lang='lat' dir='ltr'><em>We</em></span> <span class='ocrx_word' id='word_1_344' title='bbox 1471 2695 1586 2738; x_wconf 76' lang='lat' dir='ltr'>seling</span> <span class='ocrx_word' id='word_1_345' title='bbox 1567 2694 1656 2733; x_wconf 70' lang='lat' dir='ltr'><strong>«rius,</strong></span> <span class='ocrx_word' id='word_1_346' title='bbox 1682 2691 1749 2737; x_wconf 76' lang='grc' dir='ltr'><em>ἕπῃ</em></span> <span class='ocrx_word' id='word_1_347' title='bbox 1738 2694 1845 2734; x_wconf 85' lang='grc' dir='ltr'><em>ρεΗ</em></span> 
     </span>
    </p>

    <p class='ocr_par' dir='ltr' id='par_1_6' title="bbox 460 2707 1846 2834">
     <span class='ocr_line' id='line_1_46' title="bbox 521 2707 1846 2785; baseline -0.004 -7.969"><span class='ocrx_word' id='word_1_348' title='bbox 521 2742 713 2785; x_wconf 78' lang='grc' dir='ltr'><em>Ιιιιτινων]</em></span> <span class='ocrx_word' id='word_1_349' title='bbox 739 2742 895 2785; x_wconf 82' lang='grc' dir='ltr'><em>Αἰγίνων</em></span> <span class='ocrx_word' id='word_1_350' title='bbox 910 2742 957 2783; x_wconf 85' lang='lat' dir='ltr'><em>ll,</em></span> <span class='ocrx_word' id='word_1_351' title='bbox 977 2737 1135 2778; x_wconf 62' lang='lat' dir='ltr'><em>[amah</em></span> <span class='ocrx_word' id='word_1_352' title='bbox 1159 2741 1343 2777; x_wconf 79' lang='lat' dir='ltr'>Cluverius</span> <span class='ocrx_word' id='word_1_353' title='bbox 1458 2739 1514 2774; x_wconf 83' lang='grc'><em>51.</em></span> <span class='ocrx_word' id='word_1_354' title='bbox 1539 2707 1749 2782; x_wconf 83' lang='grc' dir='ltr'><em>Ιοιιτίνων]ῃ</em></span> <span class='ocrx_word' id='word_1_355' title='bbox 1752 2736 1846 2774; x_wconf 83' lang='grc' dir='ltr'><em>Ἰε-τι.</em></span> 
     </span>
     <span class='ocr_line' id='line_1_47' title="bbox 460 2787 1845 2834; baseline -0.005 -8"><span class='ocrx_word' id='word_1_356' title='bbox 460 2793 531 2826; x_wconf 81' lang='grc' dir='ltr'><em>νῶν</em></span> <span class='ocrx_word' id='word_1_357' title='bbox 556 2791 592 2823; x_wconf 83' lang='grc' dir='ltr'><em>Η</em></span> <span class='ocrx_word' id='word_1_358' title='bbox 704 2787 760 2823; x_wconf 84' lang='lat'><em>52</em></span> <span class='ocrx_word' id='word_1_359' title='bbox 786 2788 874 2830; x_wconf 83' lang='grc' dir='ltr'><em>τῶν]</em></span> <span class='ocrx_word' id='word_1_360' title='bbox 898 2787 1008 2824; x_wconf 79' lang='lat' dir='ltr'>immo</span> <span class='ocrx_word' id='word_1_361' title='bbox 1031 2787 1101 2834; x_wconf 77' lang='grc' dir='ltr'><em>τὴν</em></span> <span class='ocrx_word' id='word_1_362' title='bbox 1215 2787 1274 2824; x_wconf 80' lang='lat'><em>53</em></span> <span class='ocrx_word' id='word_1_363' title='bbox 1299 2788 1372 2823; x_wconf 80' lang='grc' dir='ltr'><em>τῶν</em></span> <span class='ocrx_word' id='word_1_364' title='bbox 1397 2800 1491 2824; x_wconf 81' lang='grc' dir='ltr'><em>κατα</em></span> <span class='ocrx_word' id='word_1_365' title='bbox 1515 2787 1691 2822; x_wconf 73' lang='grc' dir='ltr'><em>Σικελίαν</em></span> <span class='ocrx_word' id='word_1_366' title='bbox 1715 2787 1845 2826; x_wconf 73' lang='grc' dir='ltr'><strong>Κὴοά.,</strong></span> 
     </span>
    </p>
   </div>
   <div class='ocr_carea' id='block_1_4' title="bbox 456 2834 885 2883">
    <p class='ocr_par' dir='ltr' id='par_1_7' title="bbox 456 2834 885 2883">
     <span class='ocr_line' id='line_1_48' title="bbox 456 2834 885 2883; baseline -0.012 -10"><span class='ocrx_word' id='word_1_367' title='bbox 456 2836 522 2883; x_wconf 81' lang='grc' dir='ltr'><em>τήν</em></span> <span class='ocrx_word' id='word_1_368' title='bbox 547 2834 641 2873; x_wconf 75' lang='grc' dir='ltr'><em>κατὰ</em></span> <span class='ocrx_word' id='word_1_369' title='bbox 664 2835 828 2872; x_wconf 81' lang='grc' dir='ltr'><em>Σικελων</em></span> <span class='ocrx_word' id='word_1_370' title='bbox 851 2835 885 2868; x_wconf 84' lang='grc' dir='ltr'><em>Η</em></span> 
     </span>
    </p>
   </div>
  </div>
 </body>
</html>
