1968 3346
357 250 654 294 EXCERPTA
683 249 968 291 VATICANA
996 250 1044 291 L.
1066 249 1285 293 vlt-x.
1455 254 1513 294 45

129 363 408 400 constantiniana
426 365 548 397 curata
562 360 712 396 fuerint:
735 372 841 405 quam
863 372 940 395 rem
958 360 993 395 in
1016 361 1248 396 ambrosianis
1271 372 1408 406 quoqne
1424 363 1512 397 Dio-

85 425 93 431 *
130 412 220 456 nysii
243 409 494 444 halicarnassei
515 408 691 441 codicibus
715 409 800 441 oiim
823 408 1027 448 observavi,
1061 419 1206 450 quorum
1243 409 1326 442 item
1350 415 1514 453 excerpta

128 456 259 501 partim
282 458 317 490 in
341 457 449 490 editos
466 455 594 498 partim
616 454 652 487 in
675 452 873 497 deperditos
896 454 970 487 eius
995 454 1151 487 historici
1176 455 1286 487 libros
1305 455 1512 489 incidebant.

221 503 379 546 Denique
399 503 544 535 lectores
566 511 689 532 moneo
715 511 770 533 me
794 504 956 543 excerpta
978 500 1149 532 librorum
1175 511 1195 532 a
1219 501 1296 532 vll.
1321 502 1364 535 ad
1390 503 1432 535 X.
1458 502 1512 535 id-

129 549 223 583 circo
246 548 456 591 conglobata
479 545 657 589 posuisse,
681 546 763 589 quia
786 556 897 588 neque
920 546 955 578 in
980 545 1097 578 codice
1120 545 1301 588 vaticano,
1335 559 1444 590 neque
1476 548 1514 580 in

131 595 212 629 aliis
233 597 277 629 ab
300 594 445 634 Ursino,
472 591 674 625 Hoeschelio
698 591 905 634 Valesioque
927 591 1086 624 tractatis
1109 592 1286 625 codicibus
1308 594 1392 626 satis
1418 598 1512 627 certa

129 641 260 676 indicia
281 644 500 684 supererant,
537 639 766 681 quamobrem
797 638 866 671 hae
897 641 1011 680 partes
1035 638 1070 670 in
1102 649 1181 670 suos
1213 649 1369 681 quaeque
1406 640 1515 672 libros

130 699 195 732 pro
218 698 280 721 suo
302 687 379 720 iure
408 683 713 718 distribuerentur:
747 694 815 726 quo
838 687 954 716 tamen
979 683 1202 716 incommodo
1235 684 1270 716 in
1293 686 1516 727 sequentibus

128 734 306 778 pictisque
338 736 418 776 post
441 730 517 764 XX.
551 730 680 763 librum
713 729 882 772 excerptis
916 740 982 762 non
1006 729 1254 763 laborabimus.
1301 731 1386 763 Item
1411 742 1514 764 nemo

129 781 295 814 miretur.
330 789 393 810 cur
416 786 523 820 quum
546 776 717 809 librorum
741 787 762 810 a
787 772 864 808 VII.
890 775 935 808 ad
959 776 1000 808 X.
1026 775 1158 808 iamdiu
1182 780 1297 809 extent
1321 777 1512 817 urdniana,

128 824 396 863 hneschenana,
428 822 675 865 valesianaque
708 826 890 863 excerpta,
925 822 1087 855 vaticana
1119 826 1234 854 tamen
1271 833 1312 854 ex
1340 822 1396 856 his
1431 823 1516 866 ipsis

127 871 229 906 libris
253 869 452 910 manantia,
486 869 622 901 diversa
656 868 723 901 sint
755 872 787 901 et
810 866 952 902 inedita.
999 868 1114 900 Causa
1137 867 1210 900 eius
1234 868 1287 900 rei
1312 874 1384 906 est,
1420 870 1514 911 quod

127 917 235 962 prisci
256 917 309 950 ilii
333 913 504 959 eclog-arii
526 925 589 958 pro
612 925 675 947 suo
699 913 843 956 quisque
874 912 987 955 operis
1019 913 1119 946 titulo
1144 914 1339 947 Diodorum
1363 915 1515 948 deflorass

127 968 268 998 verunt:
293 962 410 1005 itaque
432 960 467 993 in
491 958 666 993 codicibus
690 964 769 992 ante
792 970 849 992 me
866 959 1014 1002 cognitis
1036 959 1171 992 nonnisi
1191 965 1352 1000 excerpta
1373 972 1514 994 accom-

129 1010 272 1046 modata
295 1009 339 1042 ad
363 1007 485 1041 titulos
509 1007 550 1039 de
575 1005 824 1050 legationibus,
850 1010 884 1038 et
908 1006 950 1037 de
974 1006 1156 1038 virtutibus
1180 1017 1221 1038 ac
1245 1007 1360 1046 vitiis,
1385 1008 1442 1039 vel
1467 1008 1513 1041 ad

129 1056 300 1101 quosdam
322 1053 428 1093 alios,
462 1056 694 1087 occurrerunt.
740 1052 778 1084 In
801 1051 965 1084 vaticano
988 1050 1118 1093 pariter
1150 1052 1268 1085 codice
1290 1058 1404 1095 partes
1428 1053 1514 1087 illae

127 1101 276 1138 Diodori
298 1104 430 1134 tantum
454 1102 646 1141 ponuntur,
681 1108 770 1140 qnae
795 1097 839 1130 ad
862 1097 1002 1130 titulum
1027 1097 1068 1129 de
1092 1099 1270 1131 sententiis
1301 1099 1425 1132 referri
1449 1111 1514 1142 po—

129 1152 255 1188 terant,
279 1143 401 1179 ceteris
425 1144 499 1177 fere
520 1143 784 1187 praetermissis.
830 1142 942 1185 Atque
965 1142 1014 1175 ita
1037 1143 1209 1184 vaticana,
1234 1155 1445 1188 quamquam
1470 1157 1513 1179 ex

127 1195 255 1230 iisdem
277 1191 376 1226 libris
399 1191 544 1230 educta,
575 1200 597 1222 a
620 1189 807 1233 praedictis
830 1194 866 1222 et
889 1188 1021 1222 iamdiu
1046 1189 1193 1231 cognitis
1218 1191 1387 1234 excerptis
1410 1191 1515 1225 diffe-

127 1244 220 1276 runt.
267 1236 463 1281 Aliquando
496 1240 612 1270 tamen
636 1235 805 1279 contigit,
842 1235 932 1278 quod
955 1246 1062 1278 prope
1085 1237 1317 1269 necessarium
1342 1241 1437 1279 erat,
1473 1242 1515 1272 ut

127 1289 329 1329 excerptum
353 1283 446 1316 idem
468 1293 536 1315 non
558 1281 618 1314 uni
641 1281 743 1314 titulo
774 1281 996 1314 commodum
1025 1280 1139 1314 visum
1172 1281 1238 1322 sit3
1276 1282 1422 1326 ideoque
1445 1295 1515 1317 non

128 1325 191 1368 uni
214 1329 391 1375 eclogario
411 1329 562 1372 praedae
576 1327 700 1366 fuerit3
725 1327 761 1360 id
784 1327 875 1370 quod
898 1327 934 1360 in
951 1327 1226 1361 adnotationibus
1249 1328 1335 1362 meis
1352 1340 1415 1362 suo
1436 1330 1514 1363 loco

127 1391 199 1414 non
230 1375 366 1412 reticui.
413 1375 458 1409 Et
488 1373 630 1417 quidem
661 1378 776 1417 partes
800 1373 930 1414 editas,
969 1372 1156 1416 quodiam
1178 1374 1320 1414 monui,
1356 1376 1514 1410 consulto

125 1422 358 1471 praetermisi.
931 1431 934 1433 ·

222 1469 380 1505 Transeo
408 1465 482 1500 iam
506 1465 551 1498 ad
573 1463 717 1498 Diodori
740 1467 901 1508 excerpta
924 1463 1055 1498 inedita
1087 1463 1257 1499 librorum
1283 1469 1360 1509 post
1382 1465 1514 1511 vigesi-

127 1528 246 1554 mum:
277 1512 555 1559 quandoquidem
577 1511 686 1544 libros
716 1510 790 1544 eius
825 1511 869 1544 ab
894 1510 1075 1543 undecimo
1099 1522 1207 1553 usqne
1232 1512 1276 1545 ad
1300 1512 1513 1555 vigesimum

127 1573 307 1607 superesse
330 1561 505 1603 integros,
542 1556 691 1602 ideoque
713 1556 998 1593 constantinianis
1022 1557 1190 1602 excerptis
1213 1558 1310 1593 haud
1340 1559 1510 1605 indigere,

130 1620 233 1646 nemo
254 1608 406 1654 ignorat:
441 1603 539 1644 MAI.
