1968 3346
357 749 421 807 5⁰.
793 761 1227 817 ΒῙΒΛΙΟΝ
1297 765 1455 823 KA'-

555 937 648 995 Τήν
677 941 724 985 δὲ
752 944 1078 988 Σελινουντίων
1113 942 1243 989 πόλιν
1270 944 1566 1016 Καρχηδόνιοι
1602 944 1825 989 κατασκά-

440 999 599 1047 ψαντες
628 998 870 1055 μετῴκισαν
896 1003 959 1063 εἰς
995 1000 1045 1044 τὸ
1074 1001 1329 1071 Λιλύβαιον.
1385 1002 1590 1057 Ρωμαῖοι
1620 1002 1666 1046 δὲ
1695 1002 1826 1044 ναυσὶ

441 1058 630 1107 μακραῖς
670 1057 944 1109 διακοσίαις
958 1058 1283 1114 τεσσαράκοντα
1321 1059 1394 1103 καὶ
1423 1059 1684 1115 κερκούροις
1726 1057 1827 1113 ἑξή-

356 1111 411 1156 55
441 1124 577 1152 κοντα
614 1112 688 1154 καὶ
717 1115 885 1157 πλοίων
922 1115 1080 1171 πλήθει
1119 1118 1415 1159 παντοδαπῶν
1443 1117 1738 1160 κατέπλευσαν
1768 1116 1828 1165 εἰς

417 1164 522 1234 τὴν
553 1166 809 1224 Πάνορμον,
841 1171 1010 1214 ἐκεῖθεν
1039 1173 1099 1221 είς
1128 1172 1176 1215 τὸ
1206 1172 1465 1226 Λιλύβαιον,
1495 1190 1562 1241 ην
1579 1176 1830 1239 πολιορκεῖν

440 1220 646 1277 ἤρξαντο.
686 1226 767 1282 τήν
796 1227 875 1282 μὲν
910 1245 992 1284 γην
1032 1227 1117 1271 απὸ
1145 1229 1372 1300 θαλασσης
1410 1231 1470 1280 εἰς
1501 1228 1731 1273 θαλασσαν
1759 1244 1832 1270 τα-

411 1295 542 1336 φρῳ
573 1281 868 1338 ἀπετείχισαν,
896 1286 1166 1335 καταπέλτας
1195 1287 1240 1330 δὲ
1270 1288 1344 1330 καὶ
1372 1285 1527 1340 κριούς
1555 1286 1629 1328 καὶ
1659 1286 1833 1354 χωστρί-

357 1335 413 1377 60
444 1337 523 1386 δας
551 1339 625 1380 καὶ
651 1340 841 1394 χελώνας
869 1342 1287 1386 κατεσκεύασαν.τὸ
1320 1344 1364 1386 δὲ
1395 1342 1577 1398 στόμιον
1605 1346 1686 1386 τοῦ
1718 1340 1833 1397 λιμέ-

411 1419 413 1422 -
442 1408 522 1443 ’νος
558 1399 865 1441 πεντεκαίδεκα
899 1398 1173 1454 κερκούρους
1208 1404 1319 1450 ναῦς
1359 1402 1499 1442 λιθων
1526 1398 1832 1454 πληρώσαντες

443 1450 708 1517 κατέχωσαν.
749 1456 805 1509 ἦν
844 1455 889 1497 δε
921 1455 944 1497 ὁ
976 1455 1082 1505 λαὸς
1120 1455 1142 1499 ὁ
1181 1460 1269 1499 τῶν
1305 1455 1529 1511 Ρωμαίων
1559 1456 1712 1499 ἕνδεκα
1739 1471 1832 1510 μυ-

443 1505 612 1558 ριάδες
643 1526 733 1552 των
762 1510 808 1553 δὲ
816 1514 1226 1579 πολιορκουμένων
1256 1514 1374 1566 πεζοὶ
1403 1513 1615 1568 ἑπτακιςχι
1609 1515 1718 1563 ’λιοι,
1755 1513 1833 1553 ἱπ-

441 1568 537 1613 πεῖς
576 1565 622 1607 δὲ
669 1565 932 1610 ἑπτακόσιοι.
973 1570 1361 1636 πολιορκουμένων
1410 1570 1456 1612 δε
1493 1569 1658 1621 αὐτῶν,
1696 1565 1835 1625 ἦλθεν

360 1620 415 1664 65
446 1618 598 1672 αὐτοῖς
640 1622 829 1679 βοήθεια
865 1623 950 1668 ἀπὸ
990 1625 1276 1682 Καρχηδόνος
1315 1624 1472 1696 ἄνδρες
1509 1626 1835 1694 τετρακιςχίλιοι

442 1676 519 1720 και
557 1683 676 1730 σιτος
716 1697 822 1735 μετα
856 1686 938 1725 τοῦ
966 1680 1203 1737 Ἁτάρβου,
1244 1683 1317 1726 καὶ
1348 1680 1670 1738 ἀνεθαρσησαν.
1705 1699 1747 1725 οι
1787 1680 1833 1726 δὲ

438 1730 644 1789 Ῥωμαῖοι
673 1736 941 1793 θεασαμένοι
970 1738 1049 1795 τὴν
1079 1738 1278 1794 εἰςβοληυ
1305 1756 1382 1795 της
1411 1739 1658 1794 δυνάμεως,
1689 1740 1903 1810 λίθοιςὸογ

441 1791 517 1834 καὶ
553 1791 751 1847 χώμασιν
789 1794 836 1837 ἐκ
867 1797 1074 1849 δευτέρου
1112 1795 1161 1839 τὸ
1192 1795 1374 1866 στόμιον
1411 1800 1493 1839 τοῦ
1522 1795 1695 1851 λιμένος
1725 1795 1836 1863 έχω-

445 1856 552 1900 σαν,
584 1850 658 1892 και
688 1849 832 1902 ξύλοις
860 1854 1077 1908 μεγίστοις
1107 1853 1195 1896 καὶ-
1211 1851 1425 1921 αγκύραις
1453 1851 1506 1895 τὰ
1536 1852 1653 1909 βάθη
1686 1848 1836 1894 ἐσταύ-

359 1913 417 1955 70
447 1916 607 1956 ρωσαν.
647 1906 893 1976 πνεύματος
933 1909 978 1952 δὲ
1009 1911 1159 1978 βιαίου
1197 1908 1495 1961 πνεύσαντος,
1535 1911 1610 1952 και
1638 1913 1715 1963 τῆς
1743 1913 1838 1951 θα·-

445 1958 611 2018 λάσσης
632 1962 954 2020 ἀγριανθείσης,
985 1965 1127 2011 πάντα
1153 1967 1399 2010 κατέλυσεν.
1428 1966 1651 2036 ἐποίησαν
1667 1965 1713 2008 δὲ
1736 1963 1838 2011 Pm-

449 2024 573 2071 μαῖοι
601 2021 914 2076 πετροβόλον
898 2023 1107 2078 ὄργανον.
1140 2024 1312 2067 ἔκτισαν
1343 2024 1422 2067 δε
1410 2040 1455 2066 ετ
1447 2025 1593 2066 δοθέν
1624 2021 1727 2065 οὲλλο
1758 2025 1838 2064 τεῖ-

446 2090 521 2128 χος
546 2079 855 2150 Καρχηδόνιοι.
886 2080 963 2149 τὴν
987 2079 1032 2122 δὲ
1054 2079 1228 2136 τάφρον
1257 2084 1331 2135 τῆς
1360 2080 1528 2131 πόλεως
1557 2080 1721 2147 ε’χωσαν
1738 2076 1838 2122 Ρω-

365 2136 421 2180 75
451 2136 594 2185 μαῖοι,
635 2135 820 2189 ἔχουσαν
849 2135 899 2179 τὸ
934 2136 1096 2188 πλάτος
1136 2138 1176 2183 εξ
1161 2154 1346 2192 ηκοντα
1380 2136 1526 2192 πήχεις
1565 2137 1637 2179 καὶ
1678 2135 1726 2179 τὸ
1755 2133 1838 2203 βα-

450 2192 532 2238 &og
567 2192 905 2247 τεσσαρακοντα.
935 2193 1127 2247 πόλεμον
1164 2195 1210 2237 δὲ
1244 2193 1517 2245 συναψαντες
1553 2195 1611 2244 εἰς
1644 2191 1694 2235 vd
1729 2189 1840 2260 πρὸς

450 2245 680 2291 θάλασσαν
720 2255 864 2318 τεῖχος
894 2250 1080 2319 ἔστησαν
1117 2267 1228 2294 κατα
1249 2249 1501 2321 πρόςωπον
1539 2249 1726 2303 ἐνέδρας.
1766 2248 1842 2291 καὶ

449 2318 531 2348 του
569 2308 681 2352 λαοῦ
717 2308 777 2357 εἰς
818 2306 896 2351 τὸν
933 2307 1046 2362 πρὸς
1078 2306 1308 2351 θάλασσαν
1345 2307 1536 2364 πόλεμον
1571 2304 1840 2355 κενωθέντος

448 2437 507 2472 53.
531 2438 588 2474 57.
608 2445 810 2500 Λιλυβαῖον
822 2444 859 2479 Η
931 2444 988 2479 54.
1012 2445 1220 2485 διακοσίαις
1243 2445 1331 2487 τεσ.]
1357 2454 1404 2487 σμ
1436 2444 1473 2479 Η
1565 2441 1625 2477 55.
1644 2440 1836 2486 ἑξήκοντα]

449 2483 479 2527 ξ
497 2486 532 2518 H
625 2488 683 2522 57·
709 2487 729 2526 ὃ
755 2491 871 2525 Rhod.
899 2492 935 2524 in
958 2491 1045 2525 Add.
1058 2516 1067 2534 ,
1093 2488 1139 2546 {jv
1163 2492 1255 2524 idem
1280 2495 1404 2531 antea,
1435 2488 1504 2534 τὴν
1527 2489 1565 2523 H
1674 2489 1732 2522 60.
1756 2499 1842 2523 πεν-

448 2533 656 2578 mamma]
681 2535 722 2572 ιε’
746 2539 784 2572 Η
885 2538 944 2572 61.
968 2537 1195 2593 κερκούρους
1227 2537 1360 2579 Rhod.,
1384 2536 1446 2579 qui
1470 2537 1506 2569 ἰῐι
1541 2546 1658 2580 marg.
1681 2535 1842 2567 voluerat

448 2580 662 2626 κέρκῦὗροις
684 2584 807 2625 ναυσί,
828 2596 1032 2628 κερκουρας
1051 2585 1087 2618 Η
1202 2584 1259 2618 62.
1285 2581 1427 2625 ἕνδεκα]
1456 2580 1496 2617 to?
1519 2582 1557 2615 Η
1694 2580 1753 2613 63.
1776 2591 1840 2613 πε-

448 2626 505 2668 ξοὶ
529 2629 567 2662 Π
691 2630 962 2675 ἓπτακιςχίλιοι]
1001 2632 1029 2675 ζ
1061 2630 1097 2664 Π
1236 2627 1461 2673 ἑπτακόσιοι]
1485 2625 1526 2671 ψ’
1551 2627 1588 2662 H
1701 2624 1760 2659 65-
1784 2637 1841 2659 τε·

447 2676 698 2720 τρακιςχίλιοι]
720 2679 745 2712 δ
778 2678 814 2710 H
929 2688 1021 2720 μετα
1054 2677 1123 2711 τοῦ
1151 2673 1328 2723 Ἀτάρβου
1363 2678 1440 2720 post
1473 2678 1571 2716 σῖτος
1602 2671 1717 2718 posuit
1741 2671 1840 2706 Wes-

448 2720 632 2765 selingins
657 2727 737 2766 post
748 2713 1022 2767 ανεθάρσησαν
1046 2724 1082 2756 Η

539 2768 621 2802 507.
636 2768 694 2803 67.
718 2770 854 2812 λίθοις]
879 2770 1003 2810 λίθαις
1025 2770 1062 2802 Η
1130 2768 1188 2805 72.
1211 2765 1576 2825 πετροβόλονὶἶὶιοᾱ,
1593 2777 1680 2808 πετρ
1685 2760 1842 2798 οἷολονΗ

539 2814 597 2850 7⁴.
624 2815 816 2863 εξήκοντα]
841 2814 869 2860 ξ’
896 2817 931 2852 11
955 2820 990 2850 et
1013 2826 1094 2850 mox
1117 2814 1153 2862 μ’
1270 2816 1329 2851 77.
1354 2813 1503 2858 ἐνέδρας
1526 2790 1655 2853 Rl'md„
1661 2777 1787 2855 ρὲδρας
1808 2809 1843 2842 ΙΙ
