1968 3346
1222 9 1228 33 ί

263 171 565 216 EXCERPTA
585 144 665 213 'DE
686 168 835 211 VIRT.
866 168 940 209 ΕΤ
967 168 1072 210 Vl'r.
1102 169 1149 209 L.
1180 168 1372 210 XXXIII.
1431 171 1516 212 137

122 283 419 339 θεωρούντων
448 283 523 327 καὶ
550 281 630 326 τόν
657 281 829 351 η’μερον
854 280 1046 349 ἐχόντων
1083 279 1296 337 λογισμὸν
1323 279 1516 332 πολλοὺς

124 343 406 395 ἐξεκαλοῦντο
436 339 546 392 πρὸς
575 338 670 382 τόν
683 342 773 381 τῶν
802 337 1084 409 ἠτυχηκότων
1113 338 1247 382 ἐ’.λεον

225 398 325 442 ΓΌτι
352 401 432 440 τοῦ
463 397 704 463 Πομπηίου
736 393 946 445 ἐλθόντος
985 394 1055 437 ἐπὶ
1084 394 1213 437 πόλιν
1236 394 1318 450 τὴν
1347 397 1517 437 καλου-

124 455 262 512 μένην
291 455 455 509 Λαγνί,
485 453 558 496 καὶ
597 451 763 507 ταύτην
792 455 1161 521 πολιορκοῦντος,
1194 453 1238 494 οἱ
1267 454 1516 506 Νουμαντῖ-

123 529 198 555 νοι
227 512 491 568 βουλόμενοι
520 512 743 581 βοηθῆσαι
771 513 863 559 τοῖς
885 507 1145 580 ὁμοεθνέσιν
1176 508 1372 562 ἔπεμψαν
1391 519 1516 561 στρα-
1544 508 1600 551 75

124 568 280 619 τιώτας
307 568 616 635 τετρακοσίους
644 564 817 616 νυκτός
859 567 903 609 οί
933 565 978 609 δὲ
1007 565 1194 615 τούτους
1225 563 1421 619 ἁσμένως
1451 566 1517 606 δε-

124 624 303 694 ξάμενοι
340 627 537 678 σωτῆρας
577 621 830 665 ἀπεκάλουν
858 622 931 665 καὶ
963 624 1148 674 δωρεαῖς
1177 621 1347 676 ἐτίμων.
1409 620 1516 675 μετὰ

125 682 173 725 δὲ
200 681 364 737 ἡμέρας
402 679 552 734 ὀλίγας
591 678 935 749 καταπλαγέντες
974 679 1049 721 καὶ
1088 676 1168 735 τὴν
1202 677 1336 721 πόλιν
1364 679 1517 730 προδι-

126 737 275 788 δόντες
323 741 415 787 τοῖς
452 736 652 808 σώμασιν
691 752 830 792 ητουν
867 734 1125 789 ἀσφάλειαν.
1183 738 1264 778 τοῦ
1302 734 1349 778 δὲ
1397 738 1516 788 Πομ·
1544 737 1601 777 80

125 795 263 850 πηίου
305 795 462 844 δόντος
505 791 741 846 ἀπόκρισιν
786 793 845 844 ὥς
886 792 970 836 ούκ
1009 809 1064 835 αν
1103 790 1245 842 ἄλλως
1286 789 1517 859 ποιήσοιτο

122 851 235 905 πρὸς
265 849 431 902 αὐτους
459 848 740 920 ὁμολογίας,
767 852 803 893 εἰ
833 849 891 905 μή
922 854 1102 903 πρῶτον
1139 847 1383 919 ἐκδώσουσι
1411 863 1518 898 τους

124 906 405 977 συμμάχους,
445 907 495 950 τὸ
525 907 606 962 μὲν
642 922 820 962 πρωτον
850 906 1159 975 ἐντρεπόμενοι
1188 905 1237 949 τὸ
1270 903 1383 959 πρὸς
1411 902 1518 955 τοὺς

122 961 350 1034 εὐεργέτας
380 961 588 1032 άνόμημα
608 964 937 1019 διεκαρτέρουν·
969 969 1049 1007 τοῦ
1081 963 1127 1006 δὲ
1158 965 1309 1006 δεινοῦ
1330 962 1518 1031 πλησίον

124 1019 251 1072 ὄντος
289 1019 676 1089 διεπρεσβεύοντο,
717 1021 792 1064 καὶ
820 1038 873 1078 τη
913 1025 1003 1064 τῶν
1042 1022 1186 1075 φίλων
1216 1019 1409 1075 ἀπωλεία
1437 1017 1518 1072 τὴν
1547 1021 1603 1065 85

123 1079 344 1133 σωτηρίαν
374 1076 524 1128 αὑτοῖς
554 1077 804 1147 ἐπεχείρουν
831 1081 1127 1133 περιποιῆσαι.
1162 1073 1216 1119 οὐ
1236 1091 1325 1145 μην
1355 1061 1522 1118 ἔλαθόν

0 1123 7 1159 ·
54 1149 171 1203 597γε
211 1151 316 1185 τους
353 1133 795 1203 ἐπιβουλευομένους,
839 1134 947 1178 άλλα
987 1138 1119 1178 τοῦτο
1160 1132 1380 1188 μαθόντες
1409 1130 1523 1185 πρός

123 1189 265 1261 άλκὴν
292 1190 559 1245 ἐτράποντο,
598 1191 673 1234 καὶ
702 1192 863 1242 νυκτὸς
891 1197 985 1242 τοῖς
1014 1191 1125 1234 κατὰ
1154 1207 1234 1259 την
1263 1189 1394 1232 πόλιν
1425 1189 1522 1232 ἐπι-

122 1247 303 1302 θέμενοι
341 1247 487 1291 πολὺν
517 1247 703 1291 ἐποίουν
733 1247 889 1304 φόνον.
933 1247 956 1293 6
989 1249 1035 1291 δὲ
1068 1246 1300 1302 Πομπήιος
1330 1249 1413 1290 τοῦ
1442 1252 1522 1289 θο-

122 1304 268 1375 ρύβου
298 1304 588 1359 αἰσθόμενος,
618 1306 693 1348 καὶ
721 1307 933 1361 κλίμακας
962 1306 1245 1373 προςερείσας
1272 1309 1364 1354 τοῖς
1394 1305 1522 1358 τείχε-

122 1373 213 1413 σιν,
243 1361 467 1416 ἐκυρίευσε
495 1366 583 1430 τῆς
597 1362 779 1412 πόλεως.
821 1364 894 1406 καὶ
923 1361 1028 1412 τούς
1058 1379 1138 1418 μεν
1165 1359 1355 1416 εὐγενεῖς
1384 1360 1520 1403 ἅπαν-
1549 1360 1608 1401 90

120 1435 198 1469 τας
222 1417 471 1487 ἀπέσφαξε,
504 1417 609 1469 τούς
641 1419 686 1462 δὲ
718 1419 973 1474 συμμάχους
1004 1418 1134 1470 ὄντας
1164 1419 1420 1468 διακοσίους
1440 1416 1522 1460 τὸν

122 1474 320 1530 ἀριθμὸν
350 1473 537 1518 άπέλυσε
575 1480 666 1518 τῶν
703 1475 948 1546 κινδύνων,
995 1475 1085 1531 ἅμα
1115 1491 1194 1530 μεν
1224 1474 1402 1530 ἐλεήσας
1431 1490 1522 1517 κιν-

122 1531 400 1575 δυνεύουσαν
431 1531 587 1586 ἀρετήν
617 1533 690 1575 καὶ
719 1532 769 1575 τὸ
799 1534 899 1587 περὶ
935 1532 1039 1582 τοὺς
1071 1532 1371 1588 ἀκληροῦντας
1400 1528 1521 1585 γενό-

123 1604 259 1658 μενον
288 1589 433 1638 πάθος
464 1588 516 1631 δι’
550 1588 830 1643 ἀχαριστίαν,
872 1589 960 1644 ἅμα
998 1589 1045 1633 δὲ
1082 1590 1162 1644 τὴν
1193 1589 1522 1643 Νουμαντίνων
1551 1586 1608 1629 95

123 1644 306 1688 εὔνοιαν
349 1645 461 1698 πρός
492 1643 738 1698 Ρωμαίους
785 1645 1023 1702 πόρρωθεν
1063 1644 1383 1701 ἐκκαλούμενος
1427 1651 1523 1697 ταῖς

124 1699 408 1769 εὐεργεσίαις·
419 1700 520 1772 τήν
550 1702 596 1745 δε
624 1701 756 1746 πόλιν
785 1704 1071 1753 κατέσκαψεν.

219 1760 317 1801 Οτι
356 1757 379 1802 ὁ
419 1756 658 1828 Ἀρσάκης
671 1759 694 1802 6
738 1759 945 1814 βασιλευς
983 1759 1217 1803 ἐπιείκειαν
1254 1759 1329 1801 καὶ
1368 1762 1524 1814 φιλαν-

121 1817 330 1870 θρωπίαν
369 1814 562 1886 ζηλωσας
603 1813 868 1888 αὐτομάτην
904 1817 997 1871 ἐσχε
1041 1833 1121 1872 την
1160 1817 1390 1871 ἐπίρροιαν
1431 1832 1521 1858 των

124 1871 310 1927 ἀγαθῶν
337 1873 412 1915 καὶ
440 1871 520 1926 τὴν
548 1874 775 1927 βασιλείαν
803 1874 874 1916 ἐπὶ
906 1878 1056 1916 πλεῖον
1084 1872 1256 1929 ηὔξησε.
1288 1872 1411 1928 μέχρι
1432 1890 1518 1926 γαρ
1553 1873 1634 1913 100

123 1934 200 1998 τῆς
237 1928 418 1984 Ινδικῆς
460 1931 679 1981 διατείνας
716 1946 794 1985 της
829 1929 917 1974 ὑπὸ
958 1930 1037 1973 τὸν
1077 1934 1244 1983 Πωρον
1283 1930 1523 1984 γενομένης

122 2002 270 2043 χωρας
300 1986 551 2040 ἐκυρίευσεν
582 1986 845 2037 ἀκινδύνως.
898 1989 958 2038 εἰς
997 1991 1228 2057 τηλικοῦτο
1262 1987 1308 2029 δε
1316 2004 1388 2054 με
1372 1987 1524 2040 ίγεθος

122 2043 365 2113 προαχθεὶς
394 2045 615 2098 βασιλείας
638 2043 721 2087 ούκ
750 2044 934 2101 ἐζήλωσε
960 2061 1134 2100 τρυφην
1166 2043 1269 2087 οὐδὲ
1299 2041 1525 2099 ὑπερηφα-

123 2102 246 2154 νίαν,
281 2099 390 2154 ἅπερ
429 2105 523 2150 ταῖς
557 2103 778 2152 πλείσταις
817 2103 1093 2151 δυναστείαις
1130 2100 1398 2144 ἀκολουθεῖν
1429 2103 1522 2144 εἴω-

123 2162 229 2207 θεν,
261 2155 350 2200 ἀλλ’
383 2157 613 2201 ἐπιείκειαν
642 2158 722 2228 μὲν
751 2158 864 2213 πρὸς
891 2175 995 2208 τους
1019 2156 1415 2211 ὑποτεταγμένους,
1450 2156 1522 2201 άν-
1578 2161 1606 2205 5

126 2215 277 2267 δρείαν
307 2214 353 2257 δὲ
382 2214 494 2267 πρὸς
522 2213 627 2265 τούς
657 2213 1067 2281 ἀντιταττομένους·
1114 2214 1314 2258 καθόλου
1346 2217 1391 2258 δὲ
1422 2219 1527 2258 πολ-

124 2274 218 2313 λῶν
247 2270 394 2314 ἐθνων
424 2270 635 2327 ἐγκρατης
662 2272 906 2342 γενόμενος
923 2270 976 2315 τά
1005 2270 1106 2329 παρ’
1137 2271 1338 2324 ἑκάστοις
1367 2272 1525 2328 ἄριστα

126 2331 215 2370 τῶν
227 2329 433 2398 νομίμων
469 2328 682 2380 κατέδειξε
711 2335 803 2380 τοῖς
835 2327 1049 2383 Πάρθοις.

227 2382 325 2426 Ότι
355 2385 403 2427 τὸ
433 2389 557 2455 σωμα
588 2390 668 2429 τοῦ
701 2385 960 2441 Ούριάτθου
989 2390 1133 2442 ταφῆς
1162 2384 1421 2440 παραδόξου
1449 2386 1525 2429 καὶ

126 2445 484 2511 μεγαλοπρεποῦς
514 2440 728 2498 ηξίωσαν,
760 2444 832 2486 καὶ
864 2445 1107 2494 διακοσίοις
1137 2443 1300 2498 ζεύγεσι
1330 2444 1523 2514 μονομά-
1556 2450 1609 2490 10

126 2514 217 2553 χων
246 2496 395 2552 άγωνα
423 2499 533 2554 πρὸς
562 2503 623 2556 τῷ
652 2499 778 2571 τάφῳ
811 2499 1114 2553 συνετέλεσαν,
1145 2517 1353 2569 τιμωντες
1384 2498 1525 2543 αὐτοῦ

127 2570 209 2610 την
249 2544 605 2612 διαβεβοημένην
649 2545 869 2613 άνδρείαν.
928 2557 1294 2614 ὁμολογουμένως
1335 2557 1421 2613 γάρ
1466 2572 1525 2612 ην

128 2657 184 2692 81.
209 2655 429 2702 ποιήσοιτο]
464 2659 636 2694 Diodorus
659 2660 846 2705 scripserat
868 2661 1067 2708 ποιήσαιτο
1214 2660 1395 2706 πρωτον]
1431 2656 1524 2705 πρό

127 2716 236 2747 τερον
261 2705 344 2738 Rei
348 2705 427 2738 Idus

218 2751 300 2784 597.
326 2750 385 2785 90.
410 2748 586 2796 εὐγενεῖς]
613 2750 765 2797 ἐγγενεῖς
787 2755 951 2788 Reiskius
1043 2754 1100 2788 93.
1123 2751 1351 2798 γενόμενον]
1375 2750 1522 2798 γινόμε-

131 2808 198 2832 νον
222 2796 250 2832 V
388 2797 447 2832 9-1
475 2799 752 2843 Νουμαντίνων
774 2801 1091 2847 ed.Wesse1ingii,
1121 2801 1374 2846 Νονμαντίων
1399 2799 1430 2832 V

1928 45 1937 118 *fv-—
