1968 3346
798 603 848 650 E
879 602 930 648 K
1006 604 1052 650 ’Τ
1078 603 1122 648 Ο
1157 603 1200 648 Υ
1266 596 1414 648 ΛΗ’

893 697 1033 753 πρὸς
1072 701 1135 755 τῇ
1175 696 1322 755 ἀρχῇ·

332 873 389 912 70
519 865 619 911 ’Ότι
650 868 694 910 οἱ
709 868 820 938 ‚mol
847 866 927 911 τόν
956 868 1127 911 Κίνναν
1149 867 1221 910 καὶ
1246 865 1425 922 Μάριον
1447 864 1813 919 συνεδρεύσαντες

418 921 526 980 μετά
564 927 656 967 τῶν
704 923 1056 993 ἐπιφανεστάτων
1099 923 1328 993 ἡγεμόνων
1367 921 1655 978 ἐβουλεύοντο
1694 921 1814 972 ὅπως

421 980 606 1050 βεβαίως
644 979 946 1034 καταστήσωσι
984 980 1066 1035 τὴν
1097 979 1298 1036 εἰρήνην·
1338 979 1460 1030 τέλος
1490 980 1635 1030 ε’δοξεν
1665 975 1815 1029 αὐτοῖς

419 1051 527 1085 τους
565 1036 939 1092 ἐπιφανεστάτους
977 1041 1067 1080 τῶν
1104 1037 1275 1107 ἐχθρῶν
1319 1035 1394 1079 καὶ
1436 1034 1707 1106 δυναμένους
1737 1030 1815 1089 άμ-

389 1095 685 1163 φιςβητῆσαι
717 1093 987 1149 πραγμάτων
1019 1092 1186 1145 πάντας
1222 1092 1496 1143 ἀποκτεῖναι,
1533 1092 1652 1142 ὅπως
1680 1096 1817 1134 καθα-

336 1153 392 1198 75
423 1152 504 1201 ρᾶς
531 1150 768 1221 γενομένης
805 1155 882 1206 τῆς
911 1152 1025 1202 ἰδίας
1062 1151 1266 1205 αἱρέσεως
1292 1150 1367 1194 καὶ
1397 1126 1573 1204 μερίδος
1602 1146 1740 1197 ἀδεῶς
1764 1145 1814 1190 τό

418 1206 577 1250 λοιπὸν
603 1206 679 1250 καὶ
708 1208 768 1258 ὥς
804 1207 861 1251 ἂν
897 1207 1146 1276 βούλωνται
1188 1205 1308 1264 μετὰ
1323 1210 1413 1249 τῶν
1443 1208 1587 1261 φίλων
1617 1207 1819 1248 διοικωσι

418 1261 473 1305 τά
512 1263 623 1306 κατὰ
657 1263 739 1334 τήν
777 1263 1029 1320 ἡγεμονίαν.
1072 1263 1212 1315 εὐθύς
1251 1265 1338 1307 οὐν
1365 1266 1456 1306 τῶν
1485 1263 1566 1318 μὲν
1594 1259 1818 1331 γεγενημέ-

421 1334 515 1363 νων
545 1319 798 1364 συνθέσεων
834 1321 910 1365 καὶ
952 1323 1140 1365 πίστεων
1167 1321 1414 1376 ἠμέλησαν,
1457 1319 1624 1389 σφαγαὶ
1655 1317 1700 1362 δὲ
1730 1320 1819 1361 τῶν

421 1377 848 1443 καταψηφισθέντων
878 1375 1029 1428 αυτοῖς
1059 1378 1231 1430 ἄκριτοι
1259 1377 1333 1421 καὶ
1362 1379 1586 1432 πανταχοῦ
1608 1372 1826 1444 εγίνοντο.

340 1438 395 1479 80
426 1430 615 1484 Κόὶντος
651 1434 697 1478 δε
736 1433 981 1486 Λουτάτιος
1032 1432 1055 1478 6
1101 1434 1291 1486 Κάτλος,
1339 1432 1697 1502 τεθριαμβευνὶως
1740 1430 1820 1487 μὲν

423 1488 643 1545 ἐπισήμως
673 1489 762 1534 άπὸ
791 1492 1030 1560 Κίμβρων,
1061 1489 1348 1558 ἀγαπώμενος
1377 1490 1424 1533 δὲ
1463 1488 1550 1532 ὑπὸ
1580 1505 1669 1531 των
1698 1493 1821 1531 πολι-

423 1562 514 1589 των
541 1547 866 1601 περιττότερον,
899 1547 988 1591 ὑπό
1017 1564 1137 1598 τινος
1166 1545 1394 1615 δημάρχου
1413 1546 1690 1616 κατηγορίας
1704 1542 1822 1598 ἐτύγ-

425 1619 557 1662 χανεν
585 1602 633 1646 ἐν
660 1608 721 1661 τῷ
765 1604 889 1661 δήμῳ
927 1603 1142 1647 θανάτου.
1181 1603 1463 1676 φοβούμενος
1493 1603 1538 1645 δε
1568 1602 1645 1645 τὸν
1674 1601 1720 1643 ἐκ
1747 1604 1823 1656 τῆς

341 1662 397 1706 85
426 1649 726 1715 συκοφαντίας
768 1663 980 1705 κίνδυνον
1022 1658 1128 1729 ᾗκεν
1166 1663 1227 1711 είς
1266 1659 1345 1703 τὸν
1377 1657 1584 1712 Μάριον,
1618 1644 1824 1712 δεόμενος

426 1721 571 1770 τυχεῖν
596 1719 823 1789 βοηθείας.
857 1716 880 1761 6
912 1717 959 1760 δὲ
987 1717 1036 1759 τὸ
1074 1733 1158 1787 μεν
1181 1717 1433 1772 ἔμπροσθεν
1462 1715 1651 1785 ἐγεγόνει
1681 1716 1823 1784 φίλος,

423 1772 540 1815 τότε
562 1772 607 1817 δ’
650 1773 698 1817 ἐκ
735 1791 858 1824 τινος
897 1773 1091 1824 ὑποψίας
1133 1772 1371 1826 ἀλλοτρίως
1410 1773 1520 1842 ε’χων
1549 1771 1658 1825 πρὸς
1688 1769 1826 1814 αυτὸν

425 1832 559 1872 τοῦτο
595 1829 758 1900 μόνον
779 1829 1014 1886 ἀπεκρίθη,
1063 1834 1223 1873 Θανεῖν
1253 1832 1329 1872 δεῖ.
1361 1830 1434 1873 καὶ
1465 1828 1489 1872 ὁ
1521 1828 1712 1878 Κάτλος
1721 1825 1825 1870 άπο-

425 1901 481 1939 γι
484 1902 562 1936 ους
591 1903 670 1942 μεν
710 1885 788 1938 τὰς
816 1891 893 1939 τῆς
923 1888 1140 1942 σωτηρίας
1173 1887 1368 1938 ελπίδας,
1395 1885 1594 1929 σπεύδων
1625 1884 1670 1928 δὲ
1696 1884 1826 1954 χωρὶς

343 1949 399 1990 90
429 1941 600 1996 ὕβρεως
629 1944 926 1998 καταστρέψαι
953 1944 1032 1987 τὸν
1063 1945 1183 1999 βίον,
1215 1942 1375 1986 ἑαυτὸν
1402 1947 1484 1986 τοῦ
1515 1946 1592 1998 ζῆν
1621 1941 1825 1996 μετέστη-

432 2009 506 2041 σευ
534 2001 632 2058 ἰδίῳ
661 2000 747 2043 τινὶ
775 2001 848 2044 καὶ
877 2000 1228 2069 παρηλλαγμένα]
1250 1998 1412 2070 τρόπῳ.
1447 2000 1699 2068 συγκλείσας
1730 1997 1827 2041 ἑαυ-

428 2055 509 2098 τόν
537 2058 597 2106 εἰς
627 2055 754 2100 οἷκον
781 2055 1039 2112 νεόχριστον
1069 2057 1143 2100 καὶ
1181 2055 1261 2111 τὴν
1297 2056 1345 2099 ἐκ
1372 2060 1448 2109 τῆς
1479 2058 1631 2105 κονίας
1661 2053 1827 2110 ἀναφο-

430 2128 517 2165 ραν
554 2113 664 2167 πυρὶ
699 2114 773 2156 καὶ
819 2117 973 2183 καπνῷ
1023 2112 1330 2168 συναυξησας,
1378 2130 1431 2169 τῃ
1477 2117 1554 2169 τῆς
1605 2109 1831 2168 ἀναπνοῆς

343 2175 399 2219 95
431 2174 585 2228 φθορᾷ
613 2185 867 2226 περιπνιγης
895 2169 1129 2227 γενόμενος
1159 2169 1415 2227 άπήλλαξεν

525 2293 606 2332 542.
630 2295 687 2330 68.
713 2293 768 2340 λη’
793 2296 1090 2331 Rhodomannus2
1123 2294 1206 2328 libri
1230 2293 1293 2339 μη’
1455 2293 1513 2328 69.
1537 2312 1582 2321 --
1604 2292 1660 2328 95.
1684 2292 1834 2327 Photius

434 2351 468 2385 p.
484 2340 566 2377 381.
592 2352 614 2375 a
636 2342 692 2375 16.
715 2361 760 2367 --
783 2342 841 2376 40.
1003 2342 1062 2379 73.
1093 2341 1319 2386 πραγμάτων
1352 2340 1381 2374 A
1414 2342 1547 2384 Amst.‚
1586 2340 1715 2375 caeteri
1748 2339 1832 2382 περὶ

434 2385 663 2431 πραγμάτων
806 2387 865 2422 76.
890 2388 1058 2424 διοικῶσι
1083 2389 1134 2425 Α,
1160 2389 1289 2421 caeteri
1315 2388 1501 2421 διοικοῦσι
1646 2386 1705 2420 81.
1731 2387 1833 2426 Κίμ-

435 2434 551 2488 βρων]
585 2434 787 2489 Σκίμβρων
817 2435 928 2471 Amst.
1092 2434 1150 2466 89.
1180 2434 1245 2477 τῆς
1278 2434 1410 2467 addunt
1440 2434 1471 2466 A
1504 2433 1613 2466 Amet.
1773 2433 1832 2465 91.

435 2477 580 2524 τρόπῳ]
606 2493 708 2562 τῗπῳ
734 2482 843 2516 Amet.
993 2479 1053 2515 92}-
1077 2478 1294 2525 περιπνιγής
1318 2481 1349 2515 Β
1374 2483 1410 2515 et
1433 2485 1607 2515 correctus
1629 2478 1681 2523 A,
1705 2479 1833 2514 caeteri

439 2536 627 2573 zeemvcye
649 2539 666 2568 ς
