1968 3346
125 764 195 798 622
619 747 673 792 L.
752 745 1143 790 XXXVII

298 867 398 912 “On
428 868 451 912 6
484 871 574 912 τῶν
603 871 806 922 Μαρσων
843 867 1090 937 ηγούμενος
1121 867 1401 939 Πομπαίδιος
1439 865 1509 908 ἐπ
1495 867 1588 921 εβά
1620 869 1702 909 100

195 931 292 970 λετο
323 925 487 996 μεγάλῃ
517 925 592 968 καὶ
628 925 866 995 παραβόλῳ
896 923 1059 977 πράξει.
1089 927 1278 978 μυρίους
1307 923 1402 992 γὰρ
1425 922 1480 965 ιῖι
1485 929 1589 966 αλα-

197 983 292 1039 βιόν
321 982 369 1026 ἐκ
396 999 486 1026 των
513 999 592 1032 τας
621 980 814 1032 εὐθύνας
843 981 1138 1052 φοβουμένων
1169 981 1345 1037 ἔχοντας
1374 978 1465 1023 ὑπο
1496 986 1589 1031 τοῖς

197 1040 385 1095 ἱματίοις
415 1041 517 1096 ξίφη
549 1055 744 1109 προηγεν
772 1039 840 1082 ἐπὶ
873 1043 954 1108 τῆς
979 1037 1155 1109 Ῥώμης.
1197 1042 1407 1081 διενοεῖτο
1441 1037 1487 1080 δὲ
1515 1054 1588 1080 πε-

197 1101 399 1165 ριστησαι
428 1113 481 1152 τη
514 1095 740 1153 συγκλήτῳ
771 1113 824 1139 τα
856 1095 970 1139 ὅπλα
999 1096 1072 1138 καὶ
1101 1094 1183 1151 τὴν
1212 1096 1435 1138 πολιτείαν
1461 1095 1587 1137 αἰτεῖ-

195 1158 325 1202 σθαι,
353 1152 382 1210 ἢ
411 1153 468 1209 μή
499 1154 651 1206 πείσας
678 1153 786 1208 πυρὶ
815 1153 892 1198 καὶ
920 1151 1087 1223 σιδηρῳ
1116 1152 1197 1207 τὴν
1225 1152 1463 1208 ἡγεμονίαν
1494 1153 1587 1195 δια-
1643 1154 1671 1199 5

195 1209 489 1265 λυμήνασθαι.
521 1209 854 1279 ἀπαντήσαντος
871 1209 916 1254 δὲ
936 1208 1056 1264 αὐτῷ
1076 1212 1218 1253 Γαΐου
1240 1210 1480 1279 Δομιτίου,
1510 1207 1587 1251 καὶ

195 1267 412 1328 ἐρομένου
431 1271 524 1312 Ποῖ
547 1265 779 1339 προάγεις,
812 1254 1082 1337 Πομπαίδίε,
1115 1282 1220 1321 μετα
1242 1265 1460 1310 τοσούτου
1483 1264 1588 1321 πλη-

195 1329 330 1375 θους,
371 1329 492 1368 ειπεν
520 1327 600 1375 Εἰς
623 1323 794 1382 Ῥώμην
823 1325 894 1368 ἐπὶ
922 1323 1003 1380 τὴν
1033 1325 1256 1367 πολιτείαν
1266 1355 1278 1374 ,
1321 1323 1588 1396 κεκλημένος

192 1380 284 1425 υπὸ
321 1385 410 1425 τῶν
449 1380 696 1452 δημαρχων.
748 1381 772 1426 6
815 1383 861 1425 δὲ
897 1382 1109 1436 Δομίτιος
1145 1379 1387 1435 υπολαβών
1426 1381 1587 1435 ἔφησεν

194 1436 539 1493 ἀκινδυνότερον
577 1438 714 1482 αὐτὸν
751 1439 826 1483 καὶ
863 1437 1046 1482 κάλλιον
1081 1437 1311 1489 τεύξεσθαι
1350 1441 1466 1493 τῆς
1455 1441 1584 1480 πολι-
1616 1441 1670 1482 10

193 1497 329 1546 τείας,
361 1494 416 1539 ἂν
445 1496 504 1551 μὴ
533 1500 779 1552 πολειιικῶς
809 1495 877 1539 ἐπὶ
903 1495 982 1564 τὴν
1005 1492 1252 1550 σύγκλητον
1275 1494 1584 1550 παραγένηται.

193 1552 360 1607 ταύτην
388 1552 472 1606 γὰρ
504 1536 745 1624 βούλεσθαι
773 1551 855 1609 τήν
884 1551 1013 1608 χάριν
1042 1555 1200 1595 δουναι
1230 1557 1321 1602 τοῖς
1342 1551 1585 1616 συμμάχοις

194 1608 253 1665 μὴ
285 1612 544 1663 βιασθεῖσαν
568 1608 667 1653 ἀλλ’
697 1608 1070 1666 ύπομνησθεῐσαν
1103 1608 1126 1652 6
1159 1609 1205 1651 δὲ
1236 1607 1360 1663 ἱεράν
1383 1625 1480 1651 τινα
1505 1623 1585 1663 την

194 1665 452 1735 συμβουλὴν
481 1664 669 1720 τάνδρός
696 1667 904 1722 θέμενος,
946 1667 1020 1709 καὶ
1056 1666 1250 1716 πεισθεὶς
1289 1670 1381 1716 τοῖς
1420 1663 1581 1719 λόγ,οις
1615 1666 1667 1710 15

180 1721 443 1792 ἐπανῆλθεν
471 1721 541 1765 ἐπὶ
570 1739 652 1779 την
682 1725 860 1767 οἰκείαν.
901 1724 1114 1792 Δομίτιος
1142 1738 1221 1791 μεν
1243 1724 1324 1765 οὐν
1348 1725 1585 1777 φρονίμοις

192 1777 342 1834 λόγοις
364 1779 410 1822 ἐκ
430 1779 629 1835 μεγάλων
648 1779 872 1824 κινδύνων
891 1778 1102 1836 ἐξηρπασε
1132 1778 1212 1835 τὴν
1239 1781 1451 1834 πατρίδα,
1483 1784 1584 1822 πολ-

191 1841 256 1892 λῷ
288 1838 517 1890 κρείττονα
561 1836 642 1892 τὴν
682 1838 858 1892 ὁμιλίαν
897 1837 1193 1891 ποιησάμενος
1232 1840 1311 1892 τῆς
1348 1836 1586 1905 γενομένης

191 1895 441 1962 Σερουιλίῳ
470 1896 532 1949 τῷ
562 1899 787 1966 στρατηγῷ
818 1895 928 1964 πρὸς
961 1895 1262 1944 Πικεντίνους.
1302 1894 1387 1936 ἐκει
1390 1910 1466 1943 νος
1495 1909 1581 1946 γαρ

192 1947 274 2005 οὐχ
305 1949 364 2001 ὠς
394 1940 641 2005 ἐλευθέροις
671 1953 744 1995 καὶ
775 1949 1020 2007 συμμαχοις
1050 1949 1234 2021 ὁμιλῶν,
1268 1948 1367 1993 ἀλλ’
1399 1967 1458 2000 ως
1480 1949 1582 1993 60v'-
1612 1954 1667 1994 20

190 2010 285 2057 λοις
315 2007 555 2063 ἐνυβρίζων
595 2009 671 2053 καὶ
701 2008 858 2077 φόβων
898 2008 1100 2064 μεγάλων
1131 2005 1325 2059 απειλαῖς
1352 2007 1582 2063 παρώξυνε

190 2080 296 2114 τους
334 2065 591 2120 συμμάχους
633 2066 701 2109 ἐπὶ
741 2065 822 2122 τὴν
860 2065 969 2109 καθ’
1010 2065 1173 2109 εαυτοῦ
1202 2065 1275 2108 καὶ
1309 2068 1398 2107 τῶν
1438 2063 1583 2107 ἄλλων

190 2123 421 2176 τιμωρίαν.
454 2127 586 2173 οὐτος
614 2123 660 2166 δὲ
683 2122 1167 2193 πεφρονηματισμένων
1198 2120 1458 2165 οἷποστατων
1488 2120 1585 2165 ἀλό-

190 2194 301 2233 γους
331 2177 472 2236 ὁρμας
501 2180 704 2224 ἐπιεικέσι
732 2180 880 2234 λόγοις
910 2181 970 2231 εἰς
1000 2179 1181 2222 εὔνοιαν
1211 2179 1524 2250 προετρέψατο.
1613 2181 1668 2225 25

295 2235 395 2279 Ὀτι
423 2254 480 2305 ην
508 2254 573 2287 τις
603 2237 650 2280 ἐν
666 2236 839 2293 ’Ἄσκλῳ
868 2235 1227 2308 παραδεδομένος
1249 2235 1338 2279 ὑπὸ
1359 2235 1584 2291 Ρωμαίων

193 2293 254 2343 εἷς
273 2293 498 2348 φυλακην,
530 2294 674 2349 ὄνομα
693 2311 772 2349 μεν
799 2294 1102 2364 Ἀγαμέμνων,
1133 2294 1258 2344 Κίλιξ
1289 2293 1335 2336 δὲ
1364 2293 1412 2336 τὸ
1443 2292 1584 2348 γένος,

193 2348 266 2392 διὰ
299 2349 344 2392 δέ
374 2366 474 2392 τινα
510 2352 786 2405 περιπέτειαν
825 2352 899 2395 καὶ
932 2350 1172 2406 συμμάχων
1202 2349 1372 2404 φόνους
1401 2349 1586 2405 ἐζωγρη-

193 2405 344 2461 μένος·
376 2405 423 2457 ὃς
451 2406 541 2451 υπὸ
574 2412 663 2450 τῶν
687 2410 959 2452 Πικεντίνων
991 2407 1232 2458 ἀπολυθεις
1264 2408 1310 2451 ἐκ
1337 2412 1414 2463 τῆς
1445 2411 1582 2462 φυλα-
1612 2412 1668 2453 30

192 2467 273 2518 κῆς
304 2463 378 2505 δια
398 2465 485 2531 τὴν
511 2463 764 2521 εὐεργεσίαν
782 2465 1027 2520 προθύιιως
1057 2463 1350 2518 ἐστρατεύετο
1384 2465 1584 2533 λῃστείας

193 2520 239 2563 δὲ
269 2518 437 2575 πολλην
468 2521 694 2576 ἐμπειρίαν
735 2522 865 2577 ἔχων,
910 2523 990 2578 τὴν
1026 2524 1240 2578 πολεμίαν
1277 2538 1428 2578 χωραν
1469 2520 1588 2565 κατέ-

191 2592 313 2632 τρεχε
341 2576 449 2632 μετοὶ
483 2582 761 2634 στρατιωτῶν
793 2579 959 2636 ὁμοίων
988 2584 1083 2632 ταῖς
1111 2581 1418 2636 παρανομίαις.

283 2714 365 2748 612.
388 2713 446 2748 99.
479 2714 718 2758 Πομπαίδιος
741 2715 919 2757 ἱαῐοείιιε,
956 2717 1158 2760 Πομπιιῖος
1181 2716 1210 2749 V
1348 2714 1384 2749 7.
1412 2715 1587 2757 Πομπαί-

191 2760 248 2797 διε
272 2759 386 2796 vs·a1e
361 2772 451 2803 nus,
485 2763 660 2804 Πομπιιῖε
686 2763 715 2795 V
853 2763 910 2797 10.
946 2761 1256 2809 ἀκινδυνότερον]
1292 2759 1586 2807 ἆκινδυνώτερον

192 2807 223 2839 ἲ
361 2807 419 2842 27.
446 2805 569 2853 ὄνομα
591 2808 769 2853 Valesius,
793 2806 811 2845 ὁ
838 2809 868 2844 V
