1968 3346
422 210 507 250 142
714 205 1016 252 EXCERPTA
1045 205 1334 248 VATICANA
1362 208 1409 249 L.
1428 208 1517 250 XL.

419 320 576 377 γορίας
603 317 716 363 κατα
742 316 981 388 πρόςωπον
1016 318 1251 374 γινομένης
1286 318 1310 363 6
1341 321 1578 373 Κατιλίνας
1600 321 1705 367 κατ’
1736 322 1813 368 οὗ,

421 378 528 421 δένα
555 380 646 419 τῶν
674 373 851 430 τρόπων
871 375 1053 445 ἔφησεν
1083 376 1246 419 ἑαυτοῦ
1283 376 1689 449 καταγινώσκεσθαι
1729 398 1812 436 φυ-

418 433 505 491 γὴν
525 432 731 477 ἑκούσιον
760 433 834 475 καὶ
864 429 1060 486 α’κριτον.
1093 430 1117 476 6
1143 433 1188 476 δὲ
1208 433 1411 487 Κικέρων
1435 433 1685 492 ἐπηρώτησε
1705 454 1813 489 τους

421 489 743 546 συγκλητικους
783 491 820 532 εἰ
862 491 985 532 δοκεῖ
1016 493 1336 546 μεταναστῆναι
1372 489 1452 534 τόν
1482 494 1724 537 Κατιλίναν
1764 495 1812 538 ἐκ

391 551 506 617 5τῆς
524 547 703 598 πόλεως.
756 544 1024 589 σιωπώντων
1064 547 1110 589 δὲ
1147 551 1236 589 τῶν
1274 551 1450 616 πολλῶν
1480 548 1552 591 δια
1589 549 1671 606 τήν
1699 551 1811 595 κατοὶ

417 603 656 674 πρόςωπον
686 601 905 672 ἐντροπὴν
938 602 997 646 δι’
1038 603 1187 672 ἑτέρου
1216 604 1384 659 τρόπον
1414 603 1615 673 καθάπερ
1647 607 1812 678 ἐλέγξαι

416 660 500 718 τὴν
529 661 773 717 σύγκλητον
809 658 1004 715 οἷκριβῶς
1032 658 1304 731 βουλόμενος
1331 662 1378 704 τὸ
1408 661 1616 717 δεύτερον
1650 663 1812 736 ἐπηρώ-

416 729 530 789 τησε
550 718 656 769 τοὺς
687 717 930 771 συνέδρους
959 718 995 760 εἰ
1025 716 1252 761 κελεύῡυσι
1275 716 1471 762 Λεύκιον
1492 721 1733 764 Κατιλίναν
1762 721 1812 766 ἐκ

416 779 496 832 τῆς
519 773 685 844 Ρώμης
715 772 1072 844 μεταστήσασθαι
1127 778 1206 832 μιᾷ
1245 774 1291 818 δὲ
1329 792 1461 846 φωνῃ
1498 775 1678 820 πάντων
1708 795 1812 822 ανα-

361 831 680 902 1Οβοησαντων
709 829 769 901 μή
800 833 949 874 δοκεῖν
978 831 1053 874 καὶ
1083 819 1457 887 δυςχεραινόντων
1485 833 1556 877 ε’πὶ
1584 837 1646 904 τῷ
1673 835 1812 879 παλιν

417 888 597 962 ῥηθέντι
627 889 695 932 ἐπι
724 887 804 932 τὸν
833 889 1101 940 Κατιλίναν,
1141 889 1329 944 ἔφησεν,
1377 888 1486 933 ὅταν
1522 907 1622 934 τινα
1649 891 1708 948 μὴ
1738 909 1811 935 νο-

415 948 602 1016 μίσωσιν
631 943 745 989 εἶναι
775 943 1021 999 ἐπιτήδειον
1050 962 1231 1015 φυγης,
1247 944 1353 999 μεθ’
1385 945 1493 1001 ὅσης
1518 952 1726 1018 κραυγῆς
1735 965 1810 991 αν-.

414 1003 683 1059 τιλέγουσιν·
715 1001 820 1053 ὥςτε
850 1007 964 1046 εἰναι
991 1001 1186 1055 φανερὸν
1215 1000 1284 1045 ὅτι
1313 1001 1387 1046 δια
1416 1020 1492 1074 της
1522 1008 1684 1074 φωνῆς
1703 1003 1806 1060 ὁμο-

415 1064 600 1131 λογοῦσι
639 1058 800 1130 φυγήν.
842 1057 865 1101 6
899 1060 946 1103 δὲ
975 1060 1212 1110 Κατιλίνας
1249 1059 1384 1103 εἰπών
1422 1059 1490 1104 ὅτι
1518 1059 1807 1118 βουλεύσεται

361 1115 523 1163 15καθ’
556 1116 718 1160 ἑαυτὸν
746 1114 1012 1172 απεχῶρησε.

519 1195 622 1240 ’Ότι
649 1212 762 1239 κατα
795 1194 877 1250 τήν
905 1193 1149 1251 παροιμίαν
1184 1208 1245 1238 τω
1285 1194 1456 1239 πλείονι
1482 1195 1695 1254 πολέμιον
1732 1215 1807 1244 κα-

414 1253 621 1298 θίσταται
648 1250 902 1295 τοῦλαττον.

530 1345 643 1385 XXI.
678 1343 778 1388 “On
805 1358 896 1385 των
924 1343 1090 1399 βίβλων
1125 1340 1238 1393 τινες
1267 1338 1356 1394 πρὸ
1384 1344 1465 1384 τοῦ
1495 1342 1870 1412 διορθωθῆναι131

414 1400 489 1443 καὶ
503 1399 583 1456 τὴν
600 1397 759 1455 ἀκριβῆ
777 1398 1027 1443 συντέλειαν
1042 1402 1194 1470 λαβεῖν
1204 1402 1433 1442 κλαπεῖσαι
1433 1399 1806 1471 προεξεδόθησαν

354 1456 539 1504 Ξοούπω
570 1456 1039 1517 συνευαρεστουμένων
1066 1455 1193 1512 ἡμων
1221 1458 1275 1511 τῇ
1297 1459 1451 1524 γραφῇ
1473 1455 1527 1506 ἂς
1553 1455 1678 1526 ἡμεῖς
1699 1456 1805 1501 ἄπο-

399 1512 675 1582 ποιούμεθα.
711 1531 784 1556 ινα
825 1513 871 1556 δὲ
902 1510 1032 1557 αὗται
1062 1512 1251 1570 φανεραὶ
1294 1511 1524 1584 γενόμεναι
1553 1511 1612 1569 μή
1650 1516 1804 1570 λυμαί·

408 1587 575 1615 νωνται
603 1586 686 1627 την
717 1569 826 1627 ὅλην
853 1569 1064 1627 ἐπιβολην
1092 1574 1170 1627 τῆς
1199 1571 1417 1625 ἱστορίας,
1447 1568 1680 1627 ἐκρίναμεν
1710 1574 1804 1615 δεῖν

551 1727 630 1765 142.
654 1730 686 1765 2.
719 1742 796 1764 των
817 1728 980 1773 τρόπων]
1014 1731 1068 1763 Ita
1094 1728 1172 1762 cod.
1195 1741 1260 1784 pro
1284 1727 1353 1764 τόν
1376 1725 1528 1772 τρόπον.
1560 1730 1662 1764 ΜΑΙ.
1713 1732 1803 1765 Dio-

455 1777 562 1811 dorus
587 1777 654 1810 ΙΙΙ.
687 1777 742 1811 33.
777 1774 939 1820 νόμιμον
971 1773 1041 1819 γάρ
1074 1772 1170 1809 ἐστιν
1202 1772 1332 1830 αυτοῖς
1361 1774 1501 1817 ταύτας
1531 1774 1627 1811 κατὰ
1659 1775 1803 1822 μηδένα

453 1835 530 1857 των
562 1820 710 1866 τρόπων
747 1821 910 1857 τύπτειν.
967 1823 1021 1855 Ita
1056 1822 1181 1875 optimi
1224 1824 1352 1868 quique
1387 1824 1482 1856 libri.
1538 1825 1674 1857 Caeteri
1707 1826 1803 1858 inter

454 1867 598 1913 μηδένα
623 1867 688 1904 τὸν
711 1867 852 1914 τρόπον
881 1877 916 1903 et
938 1865 1080 1913 μηδένα
1103 1865 1246 1913 τρόπον
1271 1870 1418 1903 variant.
1465 1869 1534 1903 Sed
1567 1882 1689 1903 verum
1724 1883 1802 1904 esse

453 1917 530 1950 τῶν
553 1914 701 1958 τρόπων
726 1919 782 1949 hic
808 1918 905 1949 locus
932 1922 1130 1960 opportune
1157 1916 1325 1948 ostendit.

550 1961 627 1996 142.
653 1964 686 1997 2.
721 1959 1078 2006 καταγινώσκεσθαι]
1104 1973 1147 1994 au
1172 1960 1507 2005 καταγνώσεσθαιῖ

549 2008 627 2044 142.
657 2010 690 2043 8.
725 2007 934 2051 κελεύουσι]
958 2010 1047 2041 nihil
1074 2008 1151 2040 sani
1175 2009 1258 2041 huic
1281 2009 1477 2042 sententiae
1501 2009 1614 2051 inest,
1638 2008 1708 2043 nisi
1729 2019 1800 2043 κω·

452 2051 587 2089 λύουσι
611 2057 794 2090 scribatur.

548 2101 627 2136 142.
652 2103 686 2136 S.
718 2099 895 2143 Λεύκιον]
922 2100 1009 2132 cod.
1035 2096 1206 2134 Κόιντον.
1241 2098 1339 2132 ΜΑΙ.

549 2147 626 2181 142.
650 2149 684 2182 9.
718 2144 1021 2191 αναβοησαντων]
1053 2142 1340 2190 ἀναστησαντων
1364 2145 1420 2178 ed.
1445 2146 1546 2179 Rom.

549 2193 709 2228 142.1Ο
735 2192 799 2238 μὴ]
825 2192 871 2237 νὴ
897 2194 951 2226 ed.
972 2194 1086 2232 Rom„
1110 2204 1224 2235 neque
1248 2193 1285 2224 id
1305 2193 1512 2235 typothetae
1531 2202 1661 2224 errore.
1693 2191 1798 2224 Vnde

455 2245 537 2273 nata
564 2247 618 2273 est
643 2241 769 2273 editori
796 2240 969 2272 sententia
994 2239 1163 2271 historiae
1188 2238 1382 2270 contraria.
1409 2244 1537 2280 sponte
1562 2237 1652 2269 enim
1679 2249 1800 2271 exces-

455 2286 543 2318 sisse
567 2286 652 2319 urbe
677 2287 881 2326 Catilinam,
906 2296 977 2317 non
1002 2285 1149 2317 eiectum
1174 2284 1258 2323 SC„
1289 2290 1398 2315 testes
1422 2282 1690 2326 locupletissimi
1716 2290 1799 2316 sunt

454 2331 580 2365 Cicero
606 2339 641 2364 et
666 2331 869 2371 Sallustius,
909 2330 976 2363 etsi
1009 2330 1113 2363 aliter
1144 2330 1255 2363 visum
1289 2329 1406 2362 Cassio
1441 2329 1546 2362 Dioni
1577 2341 1612 2373 p.
1637 2329 1715 2365 132.
1737 2328 1797 2363 97.

454 2378 511 2412 ed.
536 2378 674 2419 Reim.‚
700 2390 802 2422 quem
828 2376 1021 2410 confutavit
1045 2376 1237 2409 Reimarus.

547 2421 705 2459 142.18
749 2423 791 2455 Ιη
817 2423 974 2464 margine
1006 2423 1172 2456 scribitur
1199 2422 1326 2454 ΠΕΡΙ
1351 2421 1457 2454 ΤΗΣ
1481 2421 1622 2455 ΟΛΗΣ
1642 2419 1795 2455 ΠΡΑΓ-

452 2469 686 2504 ΜΑΤΕῙΑΣ
707 2469 979 2503 ΔΙΟΔΩΡΟΤ
999 2468 1337 2502 ΣΙΚΕΛΙΩΤΟΤ.
1375 2470 1471 2500 MAI.

546 2513 708 2551 14219.
739 2512 1400 2572 προεξεδόθησαν]προεξεδιόθησαν
1422 2514 1481 2548 ed.
1505 2514 1610 2548 Rom.

546 2561 624 2598 142.
647 2563 705 2596 21.
747 2556 873 2605 αὗται]
901 2557 1012 2596 αὐταὶ
1034 2562 1090 2596 ed.
1114 2563 1215 2595 Rom

497 2709 658 2745 14217.
699 2709 791 2744 Num
826 2708 869 2742 de
901 2707 1054 2743 Catilina
1084 2718 1199 2742 sermo
1231 2706 1350 2742 adhuc
1391 2708 1443 2741 est
1473 2704 1534 2749 qui
1566 2715 1657 2739 aere
1679 2704 1795 2740 alieno

402 2766 563 2799 pressus,
591 2756 756 2790 divitibus
778 2755 890 2789 infen
894 2767 932 2788 us
955 2760 1046 2796 erat;
1079 2755 1245 2797 ideoque,
1279 2758 1318 2788 ut
1347 2753 1552 2807 plerumque
1580 2751 1642 2793 fit,
1673 2751 1794 2785 coniu-

404 2802 573 2837 raverat?
596 2802 650 2836 An
673 2803 788 2846 potius
811 2802 854 2834 de
878 2801 1009 2835 invidia
1031 2801 1140 2834 verba
1162 2801 1269 2840 fiunt,
1298 2811 1407 2844 quam
1428 2799 1466 2834 in
1487 2797 1657 2834 historiae
1678 2801 1794 2833 extre-

404 2847 527 2883 unitate
549 2849 754 2893 deprecatus
777 2847 917 2883 videtur
940 2846 1144 2882 Diodorus?
1175 2827 1277 2881 MAI’.
