1968 3346
466 203 524 244 84
603 197 903 241 EXCERPTA
935 198 1007 239 DE
1040 198 1189 240 VIRT.
1219 199 1297 240 ΕΤ
1327 198 1440 240 VIT.
1471 200 1519 240 L.
1549 199 1622 242 Vl.
1632 202 1734 240 —X

471 328 583 358 κατα
623 309 750 361 συός,
780 309 915 354 ’Ἀτυν
952 308 1231 381 καλούμενον
1254 309 1433 380 πλήξας
1473 309 1708 356 ἀπέκτεινε.
1751 313 1824 356 καὶ
1853 313 1878 357 6

471 370 552 440 μὲν
580 370 655 412 καὶ
687 367 908 419 ἀκουσίως
937 366 1168 424 οἷνῃρηκως
1210 365 1293 412 οὐκ
1323 368 1455 423 ἔεφησ
1459 384 1485 409 ν
1525 368 1682 412 ἑαυτὸν
1712 369 1772 412 ἔτι
1802 373 1880 425 ζῆν
1946 397 1954 432 3

473 425 598 478 α’ξιον
637 421 764 468 εἶναι.
804 424 872 467 διὸ
911 426 986 468 καὶ
1024 422 1258 479 παρεκάλει
1296 424 1375 466 τόν
1413 424 1592 478 βασιλέα
1629 443 1688 482 μη
1713 427 1878 480 φείσα-

477 488 605 533 σθαι,
635 481 716 537 τὴν
736 483 948 551 ταχίστην
979 481 1024 523 δὲ
1054 480 1441 550 έπικατασφοὲττειν
1480 485 1542 551 τῷ
1583 486 1663 524 τοῦ
1692 486 1880 554 τετελευ-
1937 496 1950 517 ss

392 541 448 584 40
475 538 657 593 τηκότος
675 535 832 607 τάφῳ.
875 536 899 580 6
933 537 980 580 δὲ
1010 540 1205 604 Κροῖσος
1240 552 1321 591 την
1360 537 1439 591 μὲν
1471 535 1606 593 ἀρχὴν
1637 536 1696 588 ὡς
1726 538 1781 580 ἄν
1796 539 1880 582 ἐπὶ

476 595 602 651 φόνῳ
642 593 797 636 τέκνου
839 592 901 636 δι’
944 592 1079 650 ὀργῆς
1132 598 1242 663 εἶχε
1257 592 1336 635 τὸν
1363 593 1635 647 Ἄδραστον,
1687 592 1880 638 ἀπειλῶν

474 655 615 705 ζῶντα
643 649 947 694 κατακαύσειν.
989 651 1079 693 ἐπεὶ
1110 650 1155 693 δὲ
1187 648 1322 692 αὐτὸν
1354 648 1471 704 ἑώρα
1500 650 1880 706 προθυμούμενον
1943 683 1950 688 ,

474 709 549 752 καὶ
579 708 640 757 εἰς
669 708 748 763 τὴν
776 710 858 749 τοῦ
887 705 1239 761 τετελευτηκότος
1266 706 1396 776 τιμὴν
1425 706 1474 750 τὸ
1507 712 1583 763 ζῆν
1613 707 1880 759 ἐπιδιδόντα,

476 764 527 808 τὸ
557 767 801 834 τηνικαῦτα
827 762 955 818 λήξας
981 767 1056 819 τῆς
1086 763 1222 833 ὀργῆς
1249 761 1438 806 απέλυσε
1457 768 1542 833 τῆς
1563 766 1772 836 τιμωρίας
1799 763 1880 807 τὸν
1944 775 1950 780 ’

395 825 450 868 45
480 820 720 869 ανελόντα,
746 819 836 888 τὴν
873 822 991 863 ἰδίαν
1029 819 1166 889 τύχην
1195 817 1292 862 αλλ’
1335 818 1390 862 οὐ
1420 819 1506 878 τὴν
1531 821 1701 864 ἐκείνου
1731 822 1883 874 προαί-
1939 866 1943 878 ἦ

479 889 621 949 ρεσιν
633 874 912 944 αἰτιώμενος.
933 874 957 919 6
988 876 1034 920 δὲ
1043 875 1286 930 ’Ἄδραστος
1315 875 1448 918 οὐδὲν
1476 879 1610 947 ἦττον
1639 876 1732 920 κατ’
1762 879 1882 921 ἰδίαν

479 935 549 979 ἐπὶ
576 933 655 976 τὸν
671 931 830 983 ’Ἀτυος
861 930 1008 1003 τάφον
1036 933 1273 987 πορευθεὶς
1303 932 1463 975 ἑαυτὸν
1491 932 1772 1002 κατέσφαξεν.
1933 928 1948 969 ,⁹

581 990 681 1033 Ὀτι
722 992 918 1043 Κροῖσος
954 987 1000 1033 6
1018 994 1108 1032 τῶν
1145 991 1310 1032 Λυδῶν
1351 989 1555 1043 βασιλευς
1592 988 1881 1060 προςποιησα-
1940 1007 1949 1015 “

394 1051 450 1095 50
478 1062 609 1117 μενος
648 1048 708 1097 εἰς
743 1046 950 1117 Δελφούς
987 1046 1174 1100 πέμπειν
1214 1045 1398 1115 ἔπεμπεν
1436 1047 1496 1096 εἰς
1536 1045 1880 1117 Πελοπόννησον
1939 1054 1950 1080 ’ἲ

475 1101 747 1159 Ευρύβατον
776 1102 853 1146 τὸν
880 1101 1104 1157 Ἐφέσιον,
1138 1102 1244 1152 δοὺς
1274 1100 1395 1159 αὐτῷ
1413 1104 1634 1172 χρυσίον,
1673 1103 1791 1154 ὅπως
1821 1102 1882 1154 ὥς

476 1162 704 1211 πλείστους
733 1159 995 1230 ξενολογήσῃ
1025 1163 1115 1201 τῶν
1139 1147 1376 1228 Ἐλλήνων.
1402 1158 1426 1202 6
1459 1160 1505 1202 δε
1527 1163 1744 1215 πεμφθεὶς
1769 1158 1883 1213 πρὸς
1941 1201 1951 1212 Α,

477 1220 636 1272 Κῦρον
664 1216 743 1260 τὸν
762 1218 939 1271 Πέρσην
971 1215 1261 1272 ἄποχὼρήσας
1290 1215 1343 1258 τὰ
1376 1215 1487 1258 κατὰ
1521 1216 1651 1271 μέρος
1681 1216 1881 1288 ἐδήλωσε.
1935 1223 1947 1269 J

480 1273 550 1317 διὸ
581 1273 655 1317 καὶ
684 1289 804 1326 παρα
835 1279 926 1323 τοῖς
943 1272 1150 1327 Ἐλλησιν
1169 1271 1387 1342 ἐπισήμου
1415 1273 1652 1328 γενομένης
1679 1277 1755 1329 τῆς
1783 1273 1883 1327 περὶ
1944 1302 1953 1315 .

397 1337 452 1381 55
480 1329 559 1373 τὸν
588 1327 861 1399 Εὐρύβατον
889 1331 1122 1384 πονηρίας,
1153 1328 1278 1384 μέχρι
1305 1333 1387 1372 τοῦ
1415 1333 1512 1381 νῦν,
1544 1329 1652 1373 ὅταν
1680 1347 1745 1380 τις
1773 1328 1884 1373 ὀνει·

481 1389 599 1431 δίσαι
627 1387 713 1430 τινὶ
743 1385 959 1455 βούληται
987 1387 1259 1441 μοχθηρίαν,
1291 1383 1559 1446 Εὐρύβατον
1590 1384 1813 1430 αποκαλεῖ.
1942 1423 1949 1441 ‚

581 1442 679 1486 ”Οτι
719 1446 873 1497 Κῦρος
912 1441 1068 1510 εὐσεβῆ
1108 1444 1292 1496 νομίσας
1333 1447 1446 1485 εἰναι
1473 1443 1552 1486 τὸν
1583 1446 1781 1496 Κροισον
1811 1441 1884 1486 δια
1947 1444 1955 1495 ‘4

478 1499 527 1543 τό
558 1500 883 1554 καταρραγῆναι
916 1497 1087 1569 ὄμβρον
1116 1499 1189 1541 καὶ
1215 1499 1373 1568 σβέσαι
1398 1500 1478 1555 τὴν
1508 1499 1673 1570 φλόγα,
1703 1500 1775 1543 καὶ
1811 1498 1884 1542 δια
1951 1512 1955 1554 J

397 1565 453 1605 60
481 1555 680 1625 μνήμης
696 1556 805 1611 ἔχων
844 1572 925 1611 την
953 1556 1170 1605 Σόλωνος
1199 1552 1453 1608 απόκρισιν,
1484 1554 1587 1609 μεθ
1620 1556 1782 1599 ἑαυτοῦ
1811 1571 1883 1598 πε-

482 1617 604 1668 ριῆγε
632 1611 711 1655 τόν
742 1615 940 1666 Κροῖσον
974 1611 1165 1680 ἐντίμως.
1209 1612 1419 1666 μετέδωκε
1457 1612 1503 1655 δε
1542 1610 1662 1656 αὐτῶ
1699 1613 1773 1655 καὶ
1800 1618 1884 1655 τοῦ

479 1671 738 1724 συνεδρίου,
771 1667 1086 1724 διαλαμβάνων
1114 1668 1328 1740 ὑπάρχειν
1358 1668 1560 1720 συνετόν,
1605 1686 1664 1720 ως
1693 1669 1748 1712 ἂν
1779 1673 1883 1712 πολ-

478 1731 574 1777 λοῖς
621 1742 701 1769 κα
736 1725 1109 1781 πεπαιδευμένοις
1159 1726 1236 1770 καὶ
1282 1730 1442 1782 σοφοῖς
1492 1723 1680 1782 ανδράσι
1729 1728 1883 1783 συμβε-

399 1846 453 1888 65
479 1782 685 1882 βιωκόὸῗι
713 1837 934 1893 Σερούιος
972 1836 1157 1890 Τύλλιος
1187 1837 1212 1882 6
1237 1837 1463 1909 Ῥωμαίων
1499 1838 1704 1894 βασιλεὺς
1742 1838 1884 1910 ἓβασί-
1943 1873 1945 1875 .

482 1900 638 1940 λευσεν
678 1895 749 1951 ἔτη
775 1894 1098 1950 τετταράκοντα
1127 1896 1332 1950 τέτταρα,
1375 1895 1449 1940 δια
1478 1900 1555 1952 τῆς
1586 1897 1699 1948 ἰδίας
1728 1893 1884 1953 ἀρετῆς
1931 1928 1944 1946 ,ι

482 1952 790 2006 κατωρθωκώς
819 1970 903 1996 ουκ
934 1951 1061 2023 ὀλίγα
1088 1957 1177 1996 τῶν
1205 1957 1382 1996 κοινῶν.

579 2009 678 2053 ΓὈτι
706 2009 769 2052 ἐπ’
804 2009 1018 2064 α’ρχοντος
1038 2005 1248 2078 Ἀθήνησι
1272 2009 1535 2065 Θηρικλέους
1553 2025 1664 2053 κατα
1681 2007 1768 2080 τὴν
1792 2007 1878 2066 εξη-
1882 2017 1943 2057 554

419 2102 422 2103 ⁷
486 2065 652 2122 κοστην
668 2067 847 2122 πρώτην
862 2065 1136 2136 Ὀλυμπιαδα
1147 2068 1419 2121 Πυθαγόρας
1439 2066 1463 2110 ὁ
1483 2065 1768 2122 φιλόσοφος’
1752 2082 1882 2121 εγνω-

399 2132 455 2170 70
485 2125 637 2176 ρίζετο,
669 2123 962 2179 προκεκοφώς
990 2122 1073 2179 ἤδη
1104 2123 1150 2166 ἐν
1180 2125 1366 2194 παιδεία.
1396 2125 1548 2178 γέγονε
1576 2140 1662 2179 γαρ
1686 2124 1882 2191 ἱστορίας
1925 2127 1938 2164 ’,ἰ

480 2178 622 2231 ἄξιος,
655 2182 691 2223 εί
711 2182 784 2223 καί
812 2197 876 2231 τις
906 2180 1052 2233 ἕτερος
1069 2196 1160 2222 των
1189 2196 1289 2233 περι
1308 2182 1510 2224 παιδείαν
1540 2177 1880 2232 διατριψαντων.

479 2237 633 2305 γέγονε
655 2238 700 2280 δὲ
714 2236 885 2294 Σάμιος
908 2237 957 2279 τὸ
981 2235 1125 2306 γένος·
1158 2253 1201 2279 οι
1220 2237 1265 2279 δέ
1287 2248 1424 2292 φασιν
1447 2236 1513 2280 ὅτι
1538 2234 1779 2306 Τυῤῥηνός.
1809 2252 1882 2279 το-

480 2292 619 2348 σαύτη
641 2292 689 2336 δ’
720 2295 776 2349 ἠν
797 2294 843 2336 έν
861 2298 953 2343 τοῖς
976 2292 1115 2336 αὐτοῦ
1133 2293 1280 2347 λόγοις
1308 2293 1450 2337 πειθώ
1473 2310 1545 2336 και
1564 2294 1688 2348 χάρις
1719 2292 1778 2343 ὡς
1807 2292 1882 2335 καὶ

478 2353 555 2405 τῆς
575 2349 900 2422 πόλεωςσχεδόν
907 2350 1024 2418 ὅλης
1047 2349 1107 2393 ἐπ’
1133 2350 1271 2393 αυτόν
1291 2349 1638 2405 ἐπιστρεφούσης
1662 2348 1758 2392 καθ’
1779 2347 1882 2404 ἡμέ-

400 2414 454 2457 75
485 2423 570 2460 ραν
611 2407 772 2460 ὦςπερε
777 2409 790 2449 ὶ
832 2405 943 2477 πρός
975 2423 1097 2456 τινος
1137 2410 1250 2449 θεοῦ
1279 2408 1530 2461 παρουσίαν
1558 2406 1753 2457 ἅπαντας
1783 2418 1883 2449 συν-

482 2462 648 2533 τρέχειν
687 2464 757 2506 ἐπὶ
794 2463 874 2519 τὴν
916 2461 1142 2516 ακρόασιν.
1176 2480 1230 2505 ου
1260 2462 1401 2532 μόνον
1431 2464 1476 2505 δὲ
1506 2464 1606 2516 περὶ
1635 2463 1726 2533 τὴν
1743 2463 1789 2505 ἐν
1817 2464 1881 2520 τῷ

482 2520 623 2578 λέγειν
653 2518 840 2575 δύναμιν
871 2520 1072 2574 ἐφαίνετο
1105 2519 1258 2575 μέγας,
1292 2517 1401 2563 αλλα
1436 2521 1510 2562 καὶ
1539 2523 1678 2575 ψυχῆς
1709 2519 1880 2574 ἐνέφαι-

479 2593 557 2620 νεν
584 2579 698 2630 ηθος
725 2575 1071 2631 κατεσταλμένον
1108 2577 1180 2619 καὶ
1213 2575 1327 2628 πρὸς
1356 2578 1536 2632 μίμησιν
1565 2578 1667 2644 βίου
1697 2575 1879 2630 σώφρο-

396 2642 451 2682 80
479 2650 560 2684 νος
588 2639 681 2684 τοῖς
709 2632 826 2684 νέοις
853 2615 1112 2703 θαυμαστόν
1141 2631 1411 2687 αρχέτυπον,
1442 2650 1516 2676 και
1545 2649 1650 2682 τους
1678 2631 1879 2701 ἐντυγχα-

476 2706 637 2742 νοντας
667 2687 904 2746 ἀπέτρεπεν
935 2687 1020 2734 απὸ
1051 2706 1126 2746 της
1146 2692 1422 2742 πολυτελείας
1438 2691 1512 2734 καὶ
1528 2693 1712 2746 τρυφῆς,
1743 2687 1877 2733 απάν·

565 2814 645 2852 553.
671 2815 729 2852 65.
752 2813 816 2861 με’
838 2816 868 2850 v
1006 2812 1064 2848 67.
1089 2810 1199 2858 ξαν
