1968 3346
445 269 531 311 204
738 266 1158 310 FRAGMENTA
1193 267 1242 308 L.
1272 267 1382 312 XXI
1395 269 1540 311 —Xh

361 381 417 425 40
447 394 532 422 ουκ
563 375 799 449 ἀναμείνας
827 376 907 434 τὴν
940 376 1080 434 ὁρμήν
1107 377 1288 422 ἐκείνων
1317 382 1405 422 τῶν
1428 377 1655 434 Ῥωμαίων

443 434 581 490 μόνος
609 434 656 478 ἐκ
684 432 864 478 πάντων
886 438 1087 478 Σικελῶν
1114 440 1258 506 χωρεῖ
1273 435 1387 491 πρὸς
1411 422 1610 490 Ἰταλίαν,

443 491 619 534 ἄνωθεν
615 490 939 561 πορευόμενος
964 489 1206 535 Ἀλπιανῶν
1235 489 1389 547 ὀρέων,

441 548 517 593 καὶ
545 546 717 591 τούτων
745 547 798 591 τὰ
829 549 1083 618 δυςείςβολα
1111 549 1184 591 καὶ
1212 548 1374 619 πέτρας
1398 547 1681 602 κατατέμνων

442 605 490 648 5v
517 605 563 657 ’ἐξ
592 605 724 675 μησὶν
754 604 1002 673 ἐμπέπτωκε
1030 602 1220 672 τάγμασι
1248 610 1336 649 τῶν
1362 604 1590 673 Ῥωμαίων

356 665 413 709 45
444 661 494 705 ἐν
522 660 758 731 διαφόροις
786 661 943 716 μάχαις
974 662 1020 705 65
1048 661 1217 706 τούτων
1245 661 1437 713 πολλους
1467 660 1649 705 ἀνεῖλεν.

437 716 715 788 Ἀσδρούβαν
747 717 809 787 65
824 717 905 762 τόν
934 717 1142 788 ἀδελφὸν
1159 717 1415 790 ἐκαραδόκει
1444 718 1613 774 μένων,

442 773 493 825 ὃς
513 774 680 844 διαβας
709 774 763 818 τὰ
793 773 899 829 ὄρεα
928 777 1066 818 ταῦτα
1094 791 1147 818 τα
1177 779 1266 818 τῶν
1289 773 1476 818 Ἀλπίων

440 830 662 904 ῇμέραις
651 833 960 876 πεντεκαίδεκα
988 831 1290 931 προςήγέιζεν
1302 830 1476 889 Ἀννίβᾳ

443 904 563 943 αγων
592 890 667 932 καὶ
697 892 868 943 πλῆθος
898 899 1116 941 στρατιάς.
1157 905 1388 958 ογνοντες
1418 905 1460 931 οι
1485 886 1718 944 Ῥωμαῖοι,

359 948 413 992 50
442 947 668 999 λαθραίως
700 945 948 1016 ἐπιθέμενοι
976 948 1135 989 τοῦτον
1165 945 1247 1000 μὲν
1276 942 1534 998 ἀναιροῦσι,

443 1001 525 1072 τὴν
553 1001 752 1056 κεφαλὴν
781 1000 825 1045 δ’
856 1001 1107 1072 ἐνέγκαντες
1136 1000 1376 1071 ἐπέρριψαν
1401 999 1592 1071 Ἀννίβᾳ.

443 1057 468 1101 6
500 1058 546 1102 65
573 1058 827 1130 θρηνήσας,
858 1057 917 1110 ῶς
944 1059 1099 1130 ἐχρην,
1129 1058 1209 1102 τὸν
1240 1057 1435 1113 ἀδελφὸν
1463 1057 1542 1101 τὸν
1572 1059 1728 1115 φίλον,

439 1114 630 1185 ὕστερον
659 1113 918 1187 ἀντετάξατο
944 1114 1174 1170 Ῥωμαίοις
1204 1115 1250 1158 ἐν
1278 1120 1371 1166 ταῖς
1396 1114 1610 1167 Κάνναις,

439 1168 666 1226 Ῥωμαίων
694 1172 837 1216 ὄντων
868 1176 1124 1228 στρατηγῶν
1151 1170 1337 1215 Παύλου
1367 1172 1440 1215 καὶ
1475 1173 1721 1227 Τερεντίου.

357 1232 413 1278 55
444 1230 491 1271 αι
519 1227 695 1280 Κάνναι
723 1227 924 1280 πεδιάδες
954 1229 1001 1273 δέ
1031 1231 1113 1273 εἰσι
1141 1232 1229 1300 τῆς
1241 1227 1553 1300 Ἀργυρίππας,

442 1286 498 1329 οὐ
526 1284 753 1356 Διομήδης
781 1285 921 1329 ἔκτισε
953 1284 1033 1341 τήν
1061 1285 1190 1331 πόλιν
1218 1283 1543 1356 Ἀργυρίππαν,

439 1341 665 1385 τουτέστιν
683 1341 844 1400 ’Ἁργος
862 1341 1059 1387 Ἰππειον
1089 1346 1144 1412 τῇ
1171 1344 1347 1399 γλώσσῃ
1377 1358 1430 1398 τη
1457 1340 1694 1398 Ελλήνων.

442 1400 489 1441 αἱ
514 1397 716 1448 πεδιάδες
747 1401 877 1443 αὐται
907 1399 954 1442 65
983 1399 1250 1472 τυγχάνουσι
1279 1401 1490 1441 Δαυνίων

439 1459 530 1498 τῶν
557 1453 772 1510 Ἰαπύγων
803 1455 1013 1508 ὕστερον,
1049 1457 1196 1500 ἔπειτα
1225 1457 1507 1508 Σαλαντίων,

354 1521 411 1561 60
441 1528 496 1555 τα
527 1515 614 1555 νῦν
645 1511 692 1555 65
721 1514 830 1555 πᾶσι
858 1515 1109 1580 Καλαυρῶν
1119 1511 1219 1571 τὴν
1247 1516 1404 1569 κλῆσιν
1432 1510 1699 1565 λεγομένων,

437 1572 529 1613 τῶν
560 1570 813 1638 Καλαυρῶν
840 1566 1050 1624 μεσόριον
1080 1571 1182 1612 αὖτε
1210 1570 1286 1613 καὶ
1313 1566 1653 1640 Λογγιβάρδων,

438 1626 578 1679 οὐπερ
607 1622 632 1669 6
663 1625 797 1680 μέγας
824 1626 1011 1679 πόλεμος
1040 1626 1224 1676 ἐκείνοις
1254 1624 1485 1693 ἀνερράγη.

435 1681 600 1726 τούτου
632 1682 842 1737 ραγέντος
869 1681 966 1726 τότε
996 1682 1042 1726 65
1063 1682 1271 1752 πολέμου
1297 1685 1379 1726 τοῦ
1412 1678 1671 1737 φρικώδους

437 1738 613 1810 σεισμὸς
642 1738 809 1809 5y5v5tp
841 1740 1008 1791 δεινός,
1042 1737 1101 1789 ῶς
1130 1739 1213 1795 ὅρη
1244 1740 1501 1807 διαστῆναι,

352 1801 410 1844 65
442 1795 485 1848 ἐξ
516 1794 718 1849 ούρανοῦ
749 1794 791 1840 δ’
824 1794 1045 1866 ἐχύθησαν
1076 1794 1238 1866 ὄμβροι
1268 1793 1466 1866 μεγάλων
1494 1795 1661 1838 λίθων·

440 1854 485 1897 οἱ
515 1853 561 1896 δὲ
589 1856 766 1908 θερμῶς
795 1850 1037 1922 μαχόμενοι
1065 1868 1237 1896 τουτων
1268 1849 1402 1895 οὐδὲν
1430 1850 1637 1907 ἐπέγνων.

437 1908 561 1959 τέλος
590 1912 776 1953 τοσοῦτο
806 1908 1001 1954 πέπτωκε
1029 1913 1200 1979 πλῆθος
1230 1906 1409 1964 ἀνδρῶν
1433 1908 1665 1963 Ρωμαίων

440 1964 501 2016 ῶς
529 1964 610 2009 τὸν
636 1965 842 2020 Ἀννίβαν
872 1966 1116 2022 στρατηγον
1144 1966 1310 2037 πέμψαι
1336 1968 1391 2023 τῇ
1419 1966 1603 2008 Σικελία

437 2039 545 2072 τους
575 2023 840 2073 δακτυλίους
868 2026 1121 2079 στρατηγῶν
1151 2022 1227 2067 καὶ
1256 2025 1347 2065 τῶν
1375 2025 1543 2066 λοιπῶν
1572 2009 1764 2075 ἐνδόξων

352 2087 414 2127 70
441 2080 668 2148 μεδίμνοις
697 2095 742 2124 τε
769 2080 843 2123 καὶ
871 2081 1029 2148 χοίνιξι
1057 2083 1238 2130 πολλοῖς
1264 2078 1626 2150 ἐμμετρηθέντας·

441 2152 519 2186 τας
549 2134 736 2190 εὐγενεῖς
761 2136 836 2179 καὶ
863 2135 1038 2189 πρώτας
1068 2136 1114 2180 65
1144 2140 1358 2191 γυναῖκας
1387 2139 1478 2178 τῶν
1503 2134 1729 2206 Ῥωμαίων

439 2190 718 2246 ὀδυρομένας
745 2194 1040 2263 προςδραμεῖν
1069 2197 1194 2243 ναοῖς
1222 2196 1314 2242 τοῖς
1339 2192 1387 2235 ἐν
1415 2209 1474 2262 τῃ
1494 2190 1639 2261 Ῥώμῃ

437 2248 513 2293 καὶ
540 2253 636 2299 ταῖς
665 2249 814 2301 θριξὶν
842 2255 937 2301 ταῖς
966 2248 1136 2292 ἑαυτῶν
1165 2250 1398 2317 καθαίρειν
1427 2248 1503 2303 ἓδη
1533 2247 1728 2302 τούτων,

436 2303 627 2359 υστερον
655 2305 727 2348 καὶ
758 2309 939 2361 μιγῆναι
968 2305 1015 2348 65
1044 2306 1118 2349 καὶ
1148 2303 1328 2355 δούλοις
1356 2305 1432 2348 καὶ
1459 2303 1730 2374 βαρβάροις,

348 2369 405 2411 75
437 2361 816 2433 λειψανδρησάσης
846 2366 1067 2412 παντελῶς
1095 2366 1172 2417 τῆς
1191 2359 1432 2417 Ρωμαιδος
1452 2359 1610 2431 χώρας,

432 2417 557 2469 ὅπως
587 2418 660 2488 μὴ
673 2417 915 2472 πρόῤῥιζον
945 2417 1090 2461 αὐτῶν
1119 2418 1399 2488 ἐκθαμνισθῇ
1427 2418 1477 2461 τὸ
1506 2417 1645 2473 γένος.

429 2472 535 2518 τότε
565 2473 606 2517 δ’
634 2473 662 2529 ἡ
687 2473 851 2545 Ῥώμη,
882 2479 1107 2525 παντελῶς
1135 2474 1315 2518 πάντων
1345 2473 1660 2545 ἀνῃρημένων,

430 2529 666 2582 ια’κλειστος
696 2531 844 2573 ἵστατο
875 2536 1055 2583 πολλοῖς
1084 2517 1413 2601 ἡμεροδρόμοις
1439 2530 1632 2581 κύκλοις.

430 2588 481 2630 οἵ
504 2586 704 2642 γέροντες
735 2585 775 2630 δ’
810 2587 1003 2657 ἑζόμενοι
1024 2593 1116 2639 τοῖς
1135 2586 1295 2658 ταύτης
1318 2589 1609 2657 προπυλαίοις

348 2648 405 2690 80
432 2643 518 2699 τὴν
547 2642 785 2711 συμφοράν
814 2642 1044 2715 ὠδύροντο
1074 2644 1158 2715 τὴν
1183 2642 1600 2715 ὑπερπαθεστάτην,

434 2700 542 2751 τούς
559 2699 811 2769 παριόντας
841 2698 883 2744 δ’
913 2701 1074 2757 ἤροντο
1104 2700 1183 2772 μή
1191 2699 1279 2745 πού
1308 2717 1373 2752 τις
1400 2705 1484 2754 ζῶν
1513 2699 1710 2770 ἐλείφθη.

433 2754 647 2829 τοιαύτης
676 2754 770 2800 τότε
802 2763 1038 2812 συμφορᾶς
1064 2772 1147 2813 την
1172 2755 1342 2814 Ῥώμην
1371 2755 1671 2813 κατασχούσης

433 2810 638 2868 ’Λννίβας
668 2814 932 2887 κατημέλησε
961 2813 1122 2870 ταύτην
1151 2813 1479 2869 ἐγκατασκάψαι

437 2870 582 2923 νίκαις
610 2869 683 2914 καὶ
701 2868 853 2922 πότοις
873 2887 947 2914 και
968 2874 1156 2928 τρυφαῖς
1186 2871 1342 2927 φανεὶς
1364 2870 1532 2928 ἀμβλὺς
1552 2868 1664 2926 πρὸς
1683 2870 1827 2923 τοῦτο,
