1968 3346
381 199 464 240 108
490 191 788 246 EXCERPTA
816 192 887 233 DE
917 192 1068 235 VIRT.
1098 193 1174 236 ET
1201 193 1314 236 VIT.
1344 195 1389 235 L.
1413 194 1760 239 XXV1.—-XXX.

295 309 350 353 55
481 301 580 345 *Ὅτι
611 301 851 360 αὐτόμολοι
890 296 1035 372 ἦλθον
1071 302 1181 358 πρὸς
1216 302 1420 359 Ἀννίβαν
1449 306 1590 376 ἱππεῖς
1617 323 1759 361 τετρα-

376 360 587 414 κιςχίλιοι.
625 361 747 401 οὗτοι
777 359 823 402 δὲ
852 364 933 402 τοῦ
963 358 1179 430 Σόφακος
1204 362 1466 411 πταίσαντος
1494 363 1605 417 πρὸς
1634 368 1760 406 Μῑασ-

378 415 603 469 σανάσσην
631 411 759 471 ἦσαν
775 413 1074 472 ἀφεστηκότες.
1119 416 1142 460 6
1175 417 1221 460 δὲ
1251 415 1474 472 ὀργισθεὶς
1512 418 1662 469 αὐτοῖς
1689 436 1758 463 πε-

378 472 573 543 ριέστησε
602 488 681 527 την
712 471 913 542 δύναμιν,
943 473 1017 515 καὶ
1045 471 1210 522 πάντας
1239 476 1554 525 κατακοντίσας
1582 476 1759 520 διέδωκε

291 539 345 578 60
374 527 479 579 τοὺς
508 530 667 579 ἱππους
695 533 786 579 τοῖς
821 527 905 583 μετ’
938 526 1078 571 αὐτοῦ
1108 530 1399 583 στρατιώταις.

475 583 573 627 Ότι
621 586 819 628 Σκιπίων
863 584 1082 627 ἀπέστειλε
1127 585 1240 639 πρὸς
1287 588 1621 655 Καρχηδονίους
1658 591 1758 643 πρέ-

374 642 515 695 σβεις,
557 643 600 684 013
629 642 674 684 δὲ
707 640 828 695 ὄχλοι
864 639 970 694 παρ’
1004 640 1154 696 ὀλίγον
1193 640 1355 692 αὐτοὺς
1394 643 1581 687 ἀνεῖλον.
1640 647 1684 688 οἱ
1713 647 1760 689 δὲ

375 698 546 741 συνέσει
576 697 855 751 διαφέροντες
893 697 1081 748 τούτους
1117 697 1364 753 ἐξήρπασαν
1402 701 1471 742 καὶ
1505 700 1608 770 μετὰ
1639 701 1757 771 τριή·

290 762 343 804 65
376 770 468 809 ρων
500 753 749 810 ἐξέπεμψαν.
779 755 822 795 οἱ
851 753 898 796 δὲ
928 756 1306 823 δημοκρατοῦντες
1334 756 1381 798 ἐν
1401 755 1654 825 Καρχηδόνι
1678 757 1758 801 τόν

372 810 602 865 ναύαρχον
629 809 1022 863 παρεκελεύσαντο,
1059 809 1167 853 ὅταν
1196 828 1242 854 αι
1271 812 1613 868 παραπέμψασαι
1640 814 1758 870 τριή-

372 883 461 922 ρεις
503 866 853 922 ἀναστρέψωσιν,
909 868 1161 910 ἐπιπλεῦσαι
1210 873 1324 940 τοῖςβ
1353 873 1634 937 πρεσβευταῖς
1681 871 1757 914 καὶ

369 923 537 974 πάντας
565 923 861 980 κατασφαξαι·
894 923 918 966 6
949 925 1021 967 καὶ
1050 925 1240 979 γέγονεν.
1280 925 1324 968 οἱ
1353 924 1400 967 δὲ
1428 928 1757 996 καταφυγόντες

371 981 441 1026 ἐπὶ
478 981 558 1037 τὴν
604 985 689 1051 γῆν
731 980 1007 1036 διεσώθησαν
1046 980 1155 1034 πρὸς
1198 980 1277 1025 τόν
1318 982 1668 1026 Σκιπίωνα.τό
1708 984 1756 1027 δὲ

288 1046 343 1084 70
372 1043 497 1080 θεῖον
526 1042 618 1087 τοῖς
649 1035 722 1080 ασε
726 1039 859 1092 βῆσαι
878 1037 1181 1107 βουλομένοις
1218 1036 1377 1106 ταχέως
1412 1038 1646 1090 ἐνεδείξατο
1675 1039 1756 1096 τὴν

372 1094 512 1137 αὑτοῦ
543 1093 746 1149 δύναμιν
779 1110 821 1136 οι
835 1110 917 1148 γαρ
939 1096 999 1144 εἰς
1023 1093 1192 1149 Ρώμην
1218 1093 1531 1145 ἀποσταλέντες
1552 1099 1756 1152 πρεσβευ-

368 1152 438 1194 ταὶ
468 1155 555 1194 τῶν
574 1151 889 1219 Καρχηδονίων
909 1149 1259 1205 ἀναστρέφοντες
1277 1150 1367 1194 ὑπὸ
1387 1167 1599 1210 χειμωνος
1627 1169 1756 1223 κατη-

368 1208 589 1262 νέχθησαν
619 1209 677 1257 εἰς
703 1206 782 1250 τὸν
817 1211 906 1250 τῶν
941 1208 1167 1262 Ρωμαίων
1196 1207 1498 1278 ναύσταθμον.
1547 1225 1611 1251 ων
1645 1226 1755 1252 ανα-

369 1266 566 1319 χθέντων
596 1263 664 1307 ἐπὶ
692 1264 768 1307 τὸν
799 1265 1051 1315 Σκιπίωνα,
1092 1264 1165 1307 καὶ
1193 1263 1372 1307 πάντων
1406 1263 1614 1320 βοώντων
1627 1264 1755 1336 αμύ-

285 1327 339 1370 75
369 1325 532 1363 νασθαι
562 1319 666 1371 τούς
697 1319 886 1374 ασεβεῖς,
919 1319 942 1364 6
970 1322 1174 1363 Σκιπίων
1204 1318 1286 1364 οὐκ
1315 1320 1399 1390 ἔφη
1429 1323 1521 1364 δεῖν
1549 1321 1755 1375 πράττειν

367 1395 395 1420 α
424 1382 516 1427 τοῖς
542 1377 859 1432 Καρχηδονίοις
889 1377 1159 1446 ἐγκαλοῦσιν.
1195 1373 1320 1421 οὗτοι
1349 1394 1428 1432 μεν
1454 1380 1538 1423 οὐν
1568 1377 1755 1434 οἷφεθέν-

367 1449 437 1501 τες
476 1433 751 1488 διεσώθησαν
790 1434 849 1484 εἰς
885 1432 964 1488 τὴν
1001 1431 1290 1491 Καρχηδόνα,
1332 1434 1634 1491 θαυμάζοντες
1672 1451 1754 1493 την

368 1507 458 1534 των
483 1489 706 1545 ΗΡωμαιων
736 1487 974 1560 εὐσέβειαν.

283 1553 338 1594 80
467 1547 564 1589 ’Ότι
596 1548 811 1597 Φίλιππος
841 1545 865 1589 ὁ
895 1550 985 1590 τῶν
1005 1544 1285 1590 Μακεδόνων
1313 1547 1515 1602 βασιλεὺς
1544 1549 1753 1603 Δικαίαρ-

364 1620 445 1660 χον
473 1602 552 1647 τόν
581 1602 800 1654 Αἰτωλόν,
847 1602 990 1658 α’νδρα
1017 1602 1259 1659 τολμηρόν,
1301 1605 1452 1654 πείσας
1480 1605 1752 1659 πειρατεύειν

365 1662 526 1704 ἔδωκεν
558 1659 677 1717 αὐτῷ
705 1664 815 1711 ναῦς
845 1663 1006 1704 εἴκοσι·
1037 1661 1267 1716 προςέταξε
1298 1661 1344 1703 δὲ
1373 1676 1450 1711 τας
1478 1660 1558 1714 μὲν
1586 1661 1752 1731 νήσους

367 1722 655 1772 φορολογεῖν,
716 1722 809 1768 τοῖς
846 1719 891 1760 δὲ
933 1718 1076 1771 Κρησὶ
1111 1720 1415 1787 παραβοηθεῖν
1455 1716 1502 1759 ἐν
1537 1721 1610 1788 τῷ
1637 1717 1750 1772 πρός

359 1773 559 1825 Ροδίους
587 1772 773 1842 πολέμῳ.
821 1769 951 1841 οὗτος
989 1775 1035 1817 δε
1071 1789 1182 1817 κατα
1210 1790 1289 1824 τας
1318 1772 1498 1823 ἐντολὰς
1534 1773 1639 1825 τούς
1668 1775 1749 1831 μὲν
1778 1784 1788 1788 “

282 1829 336 1871 85
366 1830 586 1903 ἐμπόρους
626 1830 849 1888 ἐλῄστευε,
891 1829 968 1882 τοὶς
999 1830 1045 1874 δὲ
1074 1829 1239 1887 νήσους
1273 1833 1492 1886 λεηλατῶν
1530 1829 1749 1901 αργύριον

363 1904 669 1940 ειςεπραττετο.

463 1945 562 1988 Ότι
597 1946 815 1995 Φίλιππος
839 1943 863 1988 ὁ
893 1947 978 1987 τῶν
997 1943 1274 1987 Μακεδόνων
1302 1942 1516 2012 βασιλεὺς
1527 1941 1748 2013 Ἡρακλεί<

364 2004 446 2057 δην
470 2018 566 2044 τινα
591 2005 864 2056 Ταραντῖνον
894 2000 976 2056 εἶχε
1010 1998 1110 2056 μεθ’
1143 2000 1315 2051 ἑαυτοῦ,
1346 1998 1547 2056 πονηρόν
1575 1999 1749 2055 ἄνθρω-

364 2074 461 2104 πον
494 2057 542 2109 ὃς
572 2058 661 2101 κατ’
693 2060 811 2101 ἰδίαν
840 2057 960 2117 αὐτῷ
990 2060 1137 2101 λαλων
1163 2054 1328 2106 πολλας
1356 2057 1427 2099 καὶ
1456 2058 1631 2107 ψευδεῖς
1653 2059 1748 2101 δια-

281 2116 336 2157 90
365 2106 498 2171 βολας
526 2132 637 2158 των
645 2115 691 2158 ἐν
727 2104 942 2169 αξιτόματι
963 2114 1174 2185 κειμένων
1203 2115 1365 2183 φίλων
1375 2113 1509 2168 ἐλεγε·
1549 2112 1670 2163 τέλος
1699 2114 1748 2157 δὲ

362 2174 423 2222 είς
451 2175 580 2215 τοῦτο
610 2174 745 2227 ηλθεν
774 2170 973 2242 ασεβείας
1004 2172 1107 2221 ὥςτε
1134 2170 1239 2221 τούς
1267 2168 1471 2224 πρώτους
1505 2174 1586 2213 τοῦ
1615 2182 1746 2213 συνε-

362 2229 491 2281 δρίου
521 2229 646 2271 πέντε
676 2228 839 2283 ἄνδρας
873 2227 1104 2283 απέσφαξε.
1137 2227 1205 2271 διὸ
1236 2227 1309 2270 καὶ
1339 2225 1387 2269 τὸ
1415 2225 1571 2269 λοιπόν
1601 2226 1670 2270 ἐπὶ
1692 2225 1744 2270 τὸ

360 2290 508 2355 χεῖρον
539 2283 657 2341 αὐτῷ
686 2287 739 2328 τὰ
768 2301 1002 2355 πραγματα
1030 2283 1260 2339 προήγετο.
1292 2282 1510 2337 πολέμους
1540 2299 1625 2337 γαρ
1657 2281 1744 2326 οὐκ

362 2340 629 2396 ἀναγκαίους
660 2341 1058 2412 ἐπαναιρούμενος
1061 2340 1364 2384 ἐκινδύνευσεν
1398 2338 1635 2410 αποβαλεῖν
1661 2338 1744 2394 τὴν

277 2399 332 2442 95
362 2401 583 2455 βασιλείαν
611 2397 698 2441 υπὸ
725 2397 962 2453 Ρωμαίων.
1005 2395 1154 2448 οὐκετι
1181 2415 1266 2466 γαρ
1297 2395 1442 2446 οὐδεὶς
1470 2395 1627 2451 ἐτόλμα
1655 2412 1744 2439 των

360 2457 520 2525 φίλων
542 2456 650 2511 ἔχειν
681 2455 932 2510 παῤῥησίαν
972 2453 1077 2497 ου’δὲ
1116 2452 1383 2523 ἐπιπλήττειν
1420 2456 1474 2508 τξ]
1505 2456 1588 2496 τοῦ
1606 2455 1745 2522 βασι-

357 2511 465 2561 λέως
495 2509 638 2567 ανοία,
666 2511 890 2566 πεφρικώς
921 2509 1058 2553 αὐτοῦ
1086 2527 1165 2565 την
1186 2509 1467 2577 προπέτειαν.
1488 2507 1742 2563 ἐστρατευσε

360 2569 407 2612 δὲ
436 2569 506 2612 ἐπὶ
526 2556 791 2622 Δαρδανοὺς
821 2567 952 2611 οὐδὲν
981 2567 1256 2618 αδικοῦντας,
1287 2566 1361 2609 καὶ
1388 2564 1574 2617 τούτους
1602 2580 1739 2621 παρα·
1788 2603 1802 2611 2

357 2624 474 2678 ταξει
500 2624 682 2682 νικήσας
710 2623 880 2669 ἀνεῖλεν
908 2623 1019 2678 ὑπερ
1049 2626 1249 2680 μυρίους.

359 2729 417 2763 56.
454 2727 650 2772 Σόφακος]
682 2729 751 2772 „in
775 2728 852 2762 MS.
880 2726 1060 2771 Σόφακος
1091 2732 1125 2762 ct
1156 2728 1204 2761 sic
1234 2728 1397 2770 scmpcr“
1426 2725 1601 2781 VA131331vs

359 2775 416 2807 70.
443 2773 561 2809 αὐτοῦ
583 2775 615 2808 V
722 2773 780 2808 Sl.
804 2773 1021 2816 προςέταξεν
1046 2773 1077 2806 V
1182 2773 1238 2808 83.
1264 2772 1387 2829 οὗτος]
1416 2769 1528 2813 αυτὸς
1551 2772 1581 2805 V
1680 2769 1737 2806 93.

360 2820 557 2867 προήγετο]
582 2818 851 2867 προηγάγετον
966 2821 1025 2855 96.
1051 2818 1159 2865 ἔχειν]
1183 2821 1307 2857 malim
1330 2816 1432 2866 ἄγειν
