1968 3346
449 232 880 282 FRAGMENTA
917 237 966 280 L.
997 237 1194 281 V1.—x.
1434 243 1519 284 195

185 355 263 422 τῆς
291 350 507 406 ἁρμονίας
535 354 590 405 τῇ*
620 347 727 406 ωὸῇ.
765 348 841 394 καὶ
868 348 953 417 γὰρ
983 348 1320 418 μετατραπέντες

187 407 406 464 ἀλλήλους
435 408 741 462 περιέβαλλον,
770 404 1018 462 ἠσπάζοντο
1046 404 1270 460 δακρύοις.

301 463 816 509 Tze1zcschss.1.hist
850 469 916 510 16.
1546 473 1602 520 25

743 586 907 630 XXIV.

65 657 135 694 640
245 665 347 712 ἐἸστ
351 683 402 710 ον
434 665 502 711 ὅτι
540 663 563 709 ὁ
602 665 682 722 μὲν
711 665 872 709 Σόλων
913 663 1078 737 ἐγένετο
1119 664 1186 709 ἐπὶ
1221 669 1312 710 τῶν
1347 667 1519 723 χρόνων

135 741 223 768 των
245 723 482 794 τυράννων
512 723 559 766 ἐν
588 728 682 774 ταῖς
706 721 914 793 Ἀθήναις
937 721 1022 776 πρό
1052 725 1142 766 τῶν
1165 725 1395 778 Περσικῶν
1423 726 1518 780 χρό-
1546 735 1604 776 30

137 798 244 832 νον,
285 778 308 824 ὁ
340 780 386 824 δὲ
416 778 608 832 Δράκων
646 780 734 834 πρὸ
773 778 914 822 αὐτοῦ
950 778 1056 822 {moi
1096 780 1170 823 καὶ
1199 782 1522 836 τεσσαράκοντα

137 839 297 887 ἔτεσιν,
326 836 384 887 ω’ς
414 850 552 894 φησιν
583 835 605 879 ὁ
635 836 881 892 Διόδωρος.

251 871 465 953 VIpiauus
499 895 553 937 ad
579 894 808 937 Demosth.
837 908 870 937 c.
902 892 1102 939 Timocr.
1130 909 1176 952 Ρ.
1201 895 1295 940 243.
1326 893 1376 937 Β.

756 1006 902 1050 XXV.
1553 1009 1610 1054 35

252 1086 340 1129 Καὶ
371 1083 602 1139 Διόδωρος
631 1085 772 1141 ἄκραν
800 1084 901 1129 τινὰ
928 1101 1020 1129 των
1053 1083 1277 1137 ”Αλπεων,
1317 1085 1525 1143 κορυφὴν

136 1146 218 1187 τοῦ
241 1141 499 1213 σύμπαντος
529 1142 664 1196 ὅρους
694 1145 945 1195 δοκοῦσαν,
976 1140 1175 1199 οὐρανοῦ
1201 1142 1331 1200 ῥάχιν
1361 1145 1529 1201 ἱστορεῖ

136 1199 256 1257 παρὰ
285 1203 375 1242 τῶν
404 1199 624 1254 ἐγχωρίων
653 1205 896 1244 καλεῖσθαι.

252 1255 510 1300 Eustathius
539 1257 590 1299 ad
620 1258 701 1300 Od.
730 1260 788 1300 A.
828 1260 1018 1316 p.1390
1558 1263 1614 1310 40

751 1368 920 1412 XXVI.

254 1449 342 1492 Καὶ
361 1447 411 1492 τὸ
434 1445 691 1492 Παλλάδιον
717 1447 763 1493 δὲ
791 1450 867 1505 τῆς
886 1445 1087 1517 Ἀθηνᾶς
1100 1451 1308 1493 τοιοῦτον
1338 1442 1420 1506 ἦν,
1447 1450 1533 1505 τρί-
1562 1454 1619 1500 45

141 1523 276 1562 πηχυ,
322 1505 523 1558 ξύλινον,
566 1506 607 1557 ἐξ
640 1504 839 1575 οὐρανοῦ
869 1504 1139 1558 καταπεσόν,
1181 1505 1240 1557 ω’ς
1279 1518 1440 1562 φασιν,
1487 1507 1535 1551 ἐν

143 1567 407 1606 Πεσινοῦντι
426 1577 502 1617 της
527 1564 743 1617 Φρυγίας,
776 1561 882 1605 ὅθεν
903 1562 926 1605 ὁ
952 1561 1183 1617 Διόδωρος
1212 1563 1285 1605 καὶ
1304 1565 1428 1606 Δίων
1455 1563 1538 1607 τόν

141 1620 281 1663 τόπον
311 1619 528 1675 κληθῆναί
567 1630 705 1688 φασιν
736 1617 821 1663 ἀπὸ
854 1621 935 1662 τοῦ
974 1618 1167 1671 πολλους
1197 1619 1287 1663 ἐκεῖ
1312 1625 1459 1664 πεσεῖν
1489 1620 1538 1664 ἐν

143 1680 220 1746 τῇ
228 1679 430 1746 συμβολη
457 1678 541 1718 τοῦ
569 1674 787 1743 πολέμου,
820 1672 952 1719 ὁπότε
973 1674 1046 1719 διὰ
1066 1675 1147 1745 τήν
1169 1675 1373 1732 ἁρπαγήν
1394 1680 1437 1720 Γ
1433 1693 1537 1721 ανυ

133 1732 333 1804 μήδους
353 1731 567 1801 ἐμάχοντο
607 1730 828 1782 Τάνταλος
870 1729 893 1775 ὁ
928 1731 1110 1788 ἐραστὴς
1139 1733 1433 1790 Γανυμήδους
1466 1733 1541 1778 καὶ

133 1789 264 1841 Ἴλιος
297 1782 454 1846 (Ιλος)
487 1786 511 1831 ὁ
543 1787 731 1844 ἀδελφὸς
760 1786 916 1831 αὐτοῦ.

258 1846 454 1890 Ειιάοοὶα
483 1861 528 1904 Ρ.
552 1850 650 1891 322.
685 1853 727 1888 et
755 1845 938 1888 Tzetzes
968 1844 1022 1887 ad
1051 1844 1281 1904 Lycophr.
1312 1861 1353 1889 v.
1378 1849 1476 1892 355.

749 1946 940 1989 XXVII.
1570 1959 1628 2003 50

261 2023 495 2097 Διόδωρος
525 2024 572 2070 δὲ
602 2025 626 2070 ὁ
656 2026 846 2078 Σικελὸς
883 2025 959 2070 καὶ
988 2022 1013 2069 ὁ
1039 2021 1281 2078 Ὀππιανός
1307 2024 1389 2084 τὴν
1417 2024 1543 2071 Νεά-

148 2086 279 2128 πολιν
307 2099 373 2139 υφ
427 2084 687 2136 Ηρακλέους
714 2084 950 2140 κτισθῆναί
979 2093 1102 2141 φασι.

264 2140 446 2184 Tzetzes
475 2141 530 2187 ad
558 2142 627 2198 L}
630 2141 783 2200 cophs.
813 2156 854 2185 v.
877 2147 973 2186 717

745 2240 953 2285 XXVIII.

270 2318 503 2375 Διόδωρος
544 2320 694 2376 μέντοι
739 2319 964 2377 διαφορὰν
1002 2318 1174 2366 τούτων
1218 2317 1339 2365 οἶδεν
1385 2318 1435 2363 ἐν
1482 2315 1550 2370 οἷς

156 2376 268 2435 λέγει
298 2381 505 2420 Σικανῶν
533 2378 608 2421 καὶ
637 2382 851 2421 Σικελῶν

271 2434 527 2476 Eustaihius
558 2435 608 2478 ad
641 2435 721 2478 Od.
749 2439 794 2477 Y.
825 2451 869 2492 p.
900 2439 1024 2480 1896.

273 2488 504 2545 Διόδωρος
533 2491 579 2535 δέ
607 2507 696 2534 που
724 2508 815 2535 των
846 2489 1040 2534 δεκατων
1060 2489 1258 2559 βιβλίων
1288 2487 1424 2532 εἰπών
1450 2487 1551 2542 περὶ

159 2563 206 2593 τε
226 2549 425 2590 Σικελων
454 2547 527 2590 καὶ
545 2551 750 2591 Σικανῶν
781 2547 1008 2604 διαφοραν
1030 2550 1174 2601 οἰδεν,
1205 2563 1265 2599 ως
1288 2546 1364 2590 καὶ
1390 2543 1549 2601 προεῤ-

163 2604 272 2661 ῥέθη
303 2606 495 2647 Σικελοῦ
526 2604 600 2647 καὶ
629 2608 847 2649 Σικανοῦ.
1578 2618 1635 2660 60

276 2661 400 2703 Idem
431 2661 484 2703 ad
514 2661 595 2704 Od.
623 2664 679 2705 Ω.
711 2677 759 2721 Ρ.
785 2666 906 2707 1962.

772 2763 942 2805 XXIX.

218 2845 269 2891 ‘O
300 2841 568 2901 Πολυδάμας
598 2835 730 2895 οὗτος
754 2837 810 2899 ἦν
840 2843 887 2888 ἐκ
916 2840 1082 2894 πόλεως
1110 2839 1391 2943 Σκῗῖτίοὲἱσης,

1575 2259 1630 2304 55

1580 2788 1638 2829 70

100 3056 107 3156 ἲ

104 3164 110 3270 ἱ

106 3275 111 3346 ι
