1968 3346
426 228 726 272 EXCERPTA
754 228 1042 277 VATICANA
1070 228 1118 270 L.
1140 229 1229 270 XL.
1440 231 1521 272 141

134 347 253 401 βων,
291 341 365 386 καὶ
397 341 477 398 τὴν
504 339 617 385 κατὰ
647 341 853 384 Κιλικίαν
885 340 1084 394 Συρίαν,
1123 338 1367 393 Ἰουδαίαν,
1405 338 1525 409 ’Apa-

135 403 251 458 βίαν,
282 396 581 468 Κυρηναικὴν,
610 395 835 453 Ἀχαιούς,
861 394 1103 451 Ἰοζυγούς,
1134 398 1355 449 Σολνούς,
1384 395 1526 441 Ηνιό-

134 474 241 514 χους
273 456 348 500 καὶ
377 454 431 498 τὰ
470 453 602 498 λοιποὶ
632 457 753 509 φῦλα
784 471 835 509 με
819 454 942 505 εταξύ
973 456 1189 510 Κολχίδος
1225 455 1300 498 καὶ
1328 453 1533 499 Μαιώτιε

135 517 214 565 δος
252 514 405 568 λίμνης
441 511 522 567 τὴν
559 510 790 580 παράλιον
820 510 1055 579 κατέχοντα
1095 512 1169 554 καὶ
1209 510 1315 562 τούς
1352 510 1526 554 τούτων

135 573 326 639 βασιλεῖς
355 569 481 611 ἐννέα
520 566 600 611 τὸν
630 565 824 623 αριθμὸν
851 567 926 609 καὶ
953 568 1100 610 πάντα
1128 585 1183 610 τα
1220 569 1329 623 ἔθνη
1366 585 1420 610 τα
1461 568 1524 611 ἐν-
1553 570 1580 614 5

133 626 210 677 τὸς
226 629 301 695 τῆς
323 628 546 680 Ποντικῆς
566 625 641 668 καὶ
660 628 736 680 τῆς
753 624 943 678 ἐρυθρᾶς
969 624 1193 679 θαλάσσης
1214 628 1522 675 κατοικοῦντα,

133 685 208 727 καὶ
246 699 300 725 τα
340 681 442 736 ὅρια
484 685 548 737 ἧς
586 679 819 748 ἡγεμονίας
847 685 939 731 τοῖς
976 680 1099 734 ὅροις
1126 697 1203 737 της
1241 698 1321 737 γης
1348 684 1525 750 προςβι-

134 738 296 797 βασας,
338 739 413 782 καὶ
450 738 528 789 τοὶς
571 735 815 808 προςόδους
846 735 1075 791 Ρωμαίων
1113 736 1331 792 φυλάξας,
1385 737 1445 807 ἃς,
1475 738 1524 781 δὲ

133 794 462 851 προςαυξήσας,
514 794 621 845 τούς
657 809 704 836 τε
742 791 1008 847 ανδριάντας
1044 793 1118 836 καὶ
1155 794 1209 837 τοὶ
1246 793 1379 837 λοιπα
1420 792 1523 849 ἄφι-

134 852 335 926 δρύματα
373 856 462 895 τῶν
500 855 622 894 θεῶν
661 850 735 893 καὶ
772 866 852 894 τον
893 849 1051 893 λοιπόν
1083 850 1253 906 κόσμον
1281 855 1369 894 τῶν
1396 855 1518 894 πολε·
1526 857 1580 899 10

133 912 248 965 μίων
284 906 556 991 αφελόμενος
590 905 777 977 ανέθηκε
805 909 860 963 τῇ
889 910 983 963 θεῷ
1010 913 1201 960 χρυσοῦς
1230 910 1418 976 μυρίους
1447 924 1524 950 και

135 967 371 1022 ὁιςχιλίους
404 964 635 1021 ἑξήκοντα,
667 962 887 1019 α’ργυρίου
917 954 1109 1006 τᾶλαντα
1137 963 1370 1019 τριακόσια
1400 963 1520 1007 ἑπτα.

19 1044 21 1049 ’
66 1047 136 1083 130
235 1033 341 1076 ”On
377 1030 566 1082 Λεύκιος
602 1029 790 1100 Σέργιος
839 1029 863 1074 6
901 1030 1248 1087 ἐπικαλούμενος
1285 1034 1523 1082 Κατιλίνας

20 1091 21 1095 ’
133 1089 380 1145 κατάχρεως
408 1086 600 1157 γεγονώς
631 1085 874 1131 απόστασιν
905 1088 1162 1144 ἐμελέτησεν.
1195 1089 1218 1132 ὁ
1252 1089 1299 1132 δε
1329 1087 1523 1143 [Ἀαρκος

134 1148 158 1192 ὁ
192 1147 394 1198 Κικέρων
431 1142 454 1187 ὁ
484 1143 653 1194 ὕπατος
683 1143 819 1199 λόγον
851 1146 1063 1187 διετίθετο
1096 1161 1194 1199 περι
1231 1163 1308 1202 της
1337 1148 1518 1200 προςδο-
1505 1155 1577 1200 —15

131 1202 328 1261 κωμένης
355 1204 554 1257 ταραχῆς.
586 1201 661 1244 καὶ
689 1202 927 1258 κληθέντος
951 1204 1196 1244 Κατιλίνα
1185 1203 1258 1246 καὶ
1288 1207 1364 1259 τῆς
1394 1219 1520 1258 κατη-

272 1304 350 1340 141.
375 1305 410 1339 2.
440 1300 641 1348 ’Ῑοζυγούς,
665 1302 847 1347 Σολνούς]
879 1303 1022 1348 Ζυγοῦς
1040 1306 1095 1340 vel
1117 1305 1276 1352 Ζυγίους
1293 1314 1329 1341 et
1347 1303 1523 1347 Σοανούς

180 1354 231 1398 (v.
254 1353 321 1387 Tzs
327 1353 381 1386 ch·
408 1351 453 1384 ad
477 1351 590 1384 strab.
611 1352 671 1384 IV.
697 1349 794 1393 394.)
820 1353 936 1384 dicere
962 1353 1112 1388 videtur.

272 1396 352 1432 141.
377 1396 412 1432 4.
447 1408 466 1429 τ
470 1394 528 1439 ἠν]
552 1397 679 1441 incipit
705 1398 837 1430 coelicis
861 1410 896 1442 p.
917 1398 999 1432 260.

274 1443 352 1478 141.
377 1443 409 1478 5.
443 1409 521 1476 ἔννε
509 1440 561 1485 ὀί]
588 1442 622 1499 Θ
648 1443 702 1476 ed.
727 1444 828 1476 Rom.

273 1488 352 1524 141·
377 1490 411 1523 5.
436 1486 553 1543 ἐντὸς]
580 1485 619 1522 ἐν
641 1491 720 1529 τοῖς
745 1490 799 1523 ed.
825 1491 928 1524 Rom.

271 1534 434 1570 141.12
469 1531 668 1588 ἀργυρίου]
695 1532 894 1589 αργυρίους
918 1536 970 1571 ed.
995 1536 1098 1569 Rom.

272 1579 435 1617 141.12.
471 1577 664 1625 τριακόσια
687 1579 796 1626 ἑπτά]
826 1583 890 1616 ΤΖ
914 1583 970 1616 ed.
993 1584 1094 1615 Rom.

224 1673 304 1708 141.
329 1673 387 1707 12.
417 1673 646 1708 Praeclaram
678 1673 856 1707 enimvero
881 1676 915 1706 et
936 1672 1104 1706 1ne.11t.m
1135 1672 1393 1717 inscriptionem
1417 1683 1521 1716 grae-

133 1730 214 1753 cam
237 1719 493 1759 nanciscimur;
528 1720 702 1753 diversam
726 1721 829 1763 plane
853 1731 873 1752 a
898 1718 1094 1758 breviario,
1125 1720 1214 1762 quod
1241 1720 1366 1753 recitat
1391 1720 1523 1753 Plinius

134 1766 210 1802 VII.
233 1769 316 1799 sect.
337 1765 405 1808 26,
428 1767 488 1809 qui
512 1765 561 1799 sic
584 1766 634 1799 ait
658 1767 763 1807 „Hos
788 1765 973 1808 Pompeius
999 1765 1148 1799 honores
1167 1765 1245 1798 urbi
1265 1766 1387 1799 tribuit
1405 1765 1440 1798 iu
1458 1767 1521 1798 de·-

131 1812 234 1845 lubro
257 1812 462 1853 Minervae,
495 1812 588 1855 quod
612 1824 653 1845 ex
678 1812 852 1846 manubiis
875 1812 1024 1845 dicabat.
1079 1811 1138 1844 Cn.
1164 1811 1346 1855 Pompeius
1369 1823 1522 1856 magnus

133 1859 215 1902 imp.
237 1858 323 1891 bello
348 1859 455 1891 XXX
475 1870 644 1892 annorum
663 1862 834 1901 confecto,
861 1859 975 1901 susis,
997 1858 1160 1902 fugatis,
1193 1858 1328 1898 occisis,
1361 1859 1398 1890 in
1421 1859 1521 1891 decli-

133 1906 261 1938 tionem
285 1905 432 1947 acceptis
455 1904 630 1937 hominum
650 1907 776 1938 centies
797 1905 900 1937 vicies
917 1905 1021 1937 semel
1042 1904 1250 1937 LXXXIII.
1274 1905 1322 1936 M.
1350 1905 1521 1946 depressis

132 1955 196 1983 ant
224 1951 333 1993 captis
357 1951 503 1983 navibus
532 1951 783 1984 DCCCXLJ‘J.
816 1951 965 1994 oppidis,
1003 1951 1155 1983 castellis
1179 1950 1458 1984 MDXXXI'III
1485 1951 1520 1983 in

129 1997 234 2038 fidem
254 1997 418 2039 receptis.-
442 1997 544 2030 terris
560 2008 582 2029 a
603 1997 750 2030 Maeotis
769 1998 847 2030 lacu
871 1997 918 2029 afl
935 1996 1075 2029 rubrum
1095 2007 1191 2029 marc
1210 1997 1375 2036 subactis,
1403 2002 1520 2030 votnm

131 2043 291 2076 meritum
309 2043 527 2078 Minervaef‘
574 2043 653 2075 Hoc
678 2048 729 2077 est
751 2042 969 2076 breviarium
986 2041 1060 2075 eius
1083 2042 1128 2075 ab
1149 2042 1292 2075 oriente.
1329 2042 1521 2086 Triumphi

132 2099 236 2128 vero,
267 2099 371 2130 quem
403 2088 521 2129 duxit,
555 2089 727 2133 praefatio
762 2089 851 2122 haec
882 2089 970 2121 fnit:
1013 2099 1088 2120 cum
1117 2100 1212 2121 oram
1248 2090 1459 2122 maritimam
1495 2101 1519 2122 a

131 2134 365 2178 praedonibus
379 2135 578 2174 liberasset,
613 2140 647 2168 et
661 2136 842 2179 imperium
857 2135 963 2167 maris
975 2135 1101 2177 populo
1123 2146 1265 2168 romano
1291 2136 1519 2176 restituisset,-

134 2191 174 2213 ετ
195 2180 302 2220 Asia,
338 2180 466 2220 Ponto,
504 2181 688 2219 Armenia,
718 2182 878 2224 Paphlag
863 2181 979 2220 mnia,
1015 2181 1255 2223 Cappadocia,
1285 2182 1427 2221 Cilicia,
1454 2183 1520 2225 Sy-

132 2227 210 2267 ria,
236 2225 392 2269 Scythis‚·
416 2227 576 2268 Iudaeis,
607 2228 768 2267 Albanis,
792 2228 931 2267 Iberia,
960 2227 1075 2260 insula
1106 2228 1228 2269 creta,
1256 2228 1457 2271 Basternis,
1484 2232 1519 2261 et

133 2282 234 2314 super
256 2272 342 2304 haec
379 2273 422 2305 de
451 2274 592 2317 regibus
619 2253 826 2307 Mithridate
861 2278 964 2317 atque
992 2274 1061 2315 Tig
1039 2284 1148 2305 ‘franc
1172 2274 1519 2317 triumphavit.1n-

132 2316 355 2360 scriptionem
372 2323 557 2360 memorat,
581 2319 640 2353 sed
664 2331 732 2353 non
749 2319 884 2360 recitat,
909 2319 1015 2352 etim:
1037 2320 1174 2352 Genius
1192 2318 1236 2353 X.
1262 2322 1294 2360 1,
1318 2319 1518 2363 ceteroquin

133 2361 164 2396 is
195 2373 377 2416 perperam
406 2363 456 2397 ait
484 2365 632 2406 positam
661 2365 697 2398 in
729 2366 815 2400 aede
846 2365 1023 2399 victoriae
1054 2376 1118 2408 pro
1151 2364 1186 2398 in
1216 2366 1302 2398 aede
1324 2366 1519 2407 Minervae,

133 2412 173 2442 ut
195 2408 268 2442 iam
300 2408 416 2442 critici
445 2410 685 2445 observarunt.
731 2413 785 2445 De
814 2411 872 2444 his
895 2411 1054 2455 Pompeii
1076 2411 1270 2445 honoribus
1293 2413 1411 2446 confer
1433 2412 1520 2444 Pin-

132 2454 297 2488 tarchum
327 2454 363 2488 in
386 2455 508 2499 Pomp.
534 2457 647 2496 XLV,
679 2457 904 2491 Paterculum
922 2458 966 2490 11.
992 2457 1060 2496 40,
1092 2458 1326 2491 ZonaramX.
1351 2457 1382 2491 5.
1433 2457 1520 2491 Imi-

134 2504 225 2534 tatus
256 2504 307 2534 est
345 2505 464 2534 autem
504 2502 574 2535 hae
605 2502 828 2546 inscriptione
858 2503 1018 2536 facienda
1048 2503 1236 2546 Pompeius
1271 2504 1520 2545 Hannibalem,

132 2547 232 2580 cuius
262 2546 489 2580 victoriarum
519 2547 660 2582 titulum
693 2550 739 2582 ab
774 2549 826 2591 ips
813 2553 922 2582 ornet
952 2549 1121 2605 scriptum
1153 2550 1241 2593 legit
1271 2550 1439 2594 Polybius
1458 2551 1518 2585 111.

132 2592 312 2628 33.1·1m
337 2592 538 2638 αργυριόυς
567 2593 730 2629 τάλαντα
762 2607 826 2638 pro
860 2592 1038 2639 ἀργυρίου
1068 2576 1231 2630 τάλαντα
1255 2595 1362 2629 habet
1383 2596 1520 2629 Diodo-

131 2649 211 2678 rus,
243 2638 285 2671 de
308 2639 382 2672 alia
405 2651 443 2672 re
467 2641 628 2683 loquens,
661 2641 770 2674 etiam
793 2641 828 2674 in
852 2642 981 2686 fragm
1009 2643 1061 2675 ed.
1087 2653 1120 2685 p.
1138 2641 1227 2682 513,
1261 2653 1366 2685 quam
1392 2642 1516 2675 lectio-

133 2695 212 2717 nem
236 2685 383 2718 editores
405 2685 580 2720 immerito
611 2687 758 2720 fortasse
780 2690 1003 2721 mutaverunt
1026 2688 1061 2721 in
1085 2687 1274 2731 ἀργυρίου
1325 2687 1438 2721 Vides
1422 2700 1457 2720 ιε
1480 2687 1517 2720 in

133 2729 279 2764 Wessei.
304 2731 357 2764 ed.
382 2736 452 2766 not.
476 2732 532 2767 98.
582 2732 694 2766 Porro
717 2743 826 2767 aurea
847 2734 976 2767 talenta
1000 2735 1238 2768 mirationem
1270 2739 1517 2778 argenteorum

132 2781 274 2810 revocat
296 2776 470 2811 Diodorus
500 2778 563 2811 lib.
585 2778 647 2811 Χῖ
651 2779 690 2814 11.
714 2777 771 2812 71.
803 2779 902 2813 MAI.
948 2780 1102 2813 Zonaras
1125 2780 1169 2812 X.
1194 2778 1228 2814 5.
1261 2780 1454 2823 praelatam
1480 2780 1518 2812 in

131 2821 308 2874 triumpho
332 2823 490 2867 Pompeii
515 2824 672 2859 tabulam
699 2825 802 2866 dicit,
826 2826 870 2859 de
892 2837 962 2869 qua
984 2826 1064 2859 heic
1088 2827 1161 2859 fere
1177 2825 1361 2861 Diodorus.
1393 2825 1516 2858 IDEM

131 2865 166 2901 in
189 2868 275 2904 Add.
319 2869 491 2906 Exhibuit
513 2876 631 2907 autem
647 2870 767 2906 Maius
791 2871 950 2908 tabulam
969 2871 1193 2914 maiusculis,
1213 2871 1288 2907 eine
1303 2872 1516 2906 accentibus.
