1968 3346
307 235 610 281 EXCERPTA
640 232 1017 280 LEGATIONVM
1046 234 1095 278 1..
1117 234 1310 279 XXVIII.
1321 235 1516 279 —XXX.
1576 240 1659 280 165

266 345 321 393 τά
350 345 430 404 τὴν
454 346 602 391 Ἀσίαν
625 345 842 404 Ἑλλήνων
860 345 1273 418 Ξπεπρεσβεύκεισαν
1301 348 1411 403 πρὸς
1424 364 1522 419 την
1552 347 1652 406 σύγ-

265 410 447 477 κλητον,
475 409 808 459 παρακαλοῦσαι
838 404 970 457 [περὶ]
1000 408 1077 461 τῆς
1104 403 1354 460 ἐλευθερίας
1383 404 1540 448 αὐτῶν.

369 461 469 505 ’Ότι
506 460 530 504 ὁ
566 460 784 517 Ἀντίοχος
827 462 1012 530 Ποπλίῳ
1050 463 1271 505 Σκιπίωνι
1312 465 1375 532 τῷ
1411 467 1490 506 τοῦ
1529 474 1653 505 συνε-

267 518 398 572 δρίου
422 522 670 576 προεστῶτι
692 518 771 562 τόν
799 518 900 560 υιὸν
928 520 1317 584 προςεπηγγείλατο
1343 518 1450 561 ἄνευ
1480 517 1654 573 λύτρων

266 573 528 623 ἀποδώσειν,
560 573 614 618 ὃν
642 591 698 631 ην
728 573 914 643 εἰληφως
944 573 1051 618 ὅταν
1079 575 1177 629 περὶ
1197 574 1396 631 Εὔβοιαν
1426 575 1654 630 διέτριβεν,

267 630 399 676 ουδὲν
428 630 469 675 δ’
500 627 632 687 ἦττον
660 631 733 675 καὶ
768 629 1001 702 χρημάτων
1039 635 1229 687 πλῆθος,
1270 632 1652 702 συνεπιλαβομένῳ

265 693 344 759 τῆς
373 686 560 744 εἰρήνης.
595 688 618 732 ὁ
648 689 695 732 δὲ
722 691 922 732 Σκιπίων
949 687 1060 742 ὑπερ
1090 689 1170 744 μὲν
1198 692 1275 745 τῆς
1303 687 1414 732 κατὰ
1442 688 1519 731 τὸν
1549 689 1653 732 υἱὸν

267 744 522 796 ἀποδόσεως
539 745 687 815 Ξφησε
715 744 843 800 χάριν
872 745 982 797 ἕξειν
1009 749 1070 803 τῷ
1101 748 1295 801 βασιλεῖ,
1339 744 1571 815 χρημάτων
1606 747 1651 789 δὲ

265 802 467 858 πλήθους
495 802 554 871 μὴ
580 804 878 873 πρόςδεῖσθαι.
912 801 1009 845 ἀντὶ
1039 790 1086 845 δὲ
1115 802 1274 856 ταύτης
1303 807 1378 858 τῆς
1408 800 1653 857 εὐεργεσίας
1682 808 1737 850 35

195 857 585 914 621συμβουλεύειν
616 858 735 929 αὐτῷ
765 859 823 915 μή
853 858 1206 912 παρατάττεσθαι
1230 833 1477 928 Ῥωμαίοις,
1508 875 1654 902 πεπει-

265 915 457 984 ραμὲνον
494 919 569 971 τῆς
609 914 763 984 ἀρετῆς
801 914 961 959 αὐτῶν.
1007 915 1031 959 6
1063 915 1109 960 δὲ
1148 915 1277 969 δόξας
1316 914 1537 972 βαρύτερα
1573 919 1653 958 τοῦ

264 970 562 1041 προςήκοντος
600 972 879 1029 προςτάττειν
915 971 1081 1017 τούτου
1131 973 1188 1018 οὐ
1237 973 1526 1028 προςεδέξατο
1577 972 1654 1024 τὰς

266 1025 531 1082 ἀποκρίσεις.

365 1085 465 1129 “”Ότι
494 1086 542 1129 Ξν
569 1089 622 1143 τῇ
647 1083 792 1155 Ῥώμῃ
820 1085 906 1156 πρὸ
937 1089 1014 1142 τῆς
1042 1084 1154 1130 κατὰ
1181 1083 1259 1129 τὸν
1275 1083 1499 1141 Ἀντίοχον
1527 1084 1655 1142 ἥττης

262 1144 551 1198 εἰςαχθέντων
593 1144 654 1193 εἰς
691 1144 770 1198 τὴν
798 1143 1058 1213 σύγκλητον
1095 1147 1184 1186 τῶν
1226 1143 1268 1194 ἐξ
1297 1145 1514 1193 Αἰτωλίας
1552 1158 1655 1194 πρε-

263 1202 480 1255 σβευτῶν,
532 1200 607 1244 καὶ
636 1201 733 1252 περὶ
764 1199 842 1255 μὲν
878 1204 966 1244 τῶν
996 1202 1121 1244 ἰδίων
1159 1199 1485 1256 αμαρτημάτων
1523 1197 1656 1242 οὐὸεν

263 1257 603 1329 διαλεχθέντων,
649 1256 760 1300 αὐτὰ
806 1257 853 1301 δὲ
895 1258 949 1300 τὰ
986 1263 1078 1308 τοῖς
1116 1259 1326 1307 Αἰτωλοῖς
1362 1260 1507 1306 καλῶς
1545 1256 1656 1309 πρὸς
1683 1270 1739 1312 45

259 1315 367 1364 τούς
392 1314 632 1368 Ρωμαίους
661 1314 911 1368 πραχθέντα
942 1313 1212 1366 διεξιόντων,
1254 1312 1444 1365 ἀναστάς
1473 1330 1538 1363 τις
1566 1329 1656 1355 των

259 1369 309 1414 Ξκ
328 1375 408 1414 τοῦ
439 1374 675 1425 συνεδρίου
704 1388 810 1422 τους
839 1372 1039 1427 πρέσβεις
1067 1370 1296 1443 ἠρώτησεν
1320 1372 1355 1413 εἰ
1384 1369 1655 1424 παραδιδόα-

61 1461 65 1484 ,
261 1439 334 1471 σιν
362 1427 547 1479 εαυτοὺς
577 1428 765 1471 Αἰτωλοὶ
797 1430 856 1479 εἰς
886 1428 965 1484 τὴν
995 1430 1143 1472 πίστιν
1171 1432 1260 1470 τῶν
1284 1425 1519 1489 Ῥωμαίων.
1551 1426 1656 1469 ἀπο-

261 1483 578 1540 σιωπησάντων
610 1485 655 1528 δὲ
684 1501 773 1528 των
802 1484 1039 1541 πρέσβεων,
1070 1483 1098 1542 ἡ
1132 1484 1371 1556 σύγκλητος
1402 1482 1656 1540 ὖπολαβοῦ-
1686 1502 1740 1542 50

262 1553 319 1585 σα
349 1558 455 1592 τους
483 1541 711 1592 Αἰτωλούς
741 1539 840 1584 ἀντε
824 1542 933 1597 ἐχειν
961 1548 1057 1593 ταῖς
1085 1542 1196 1585 κατὰ
1227 1541 1304 1584 τὸν
1329 1540 1555 1597 Ἀντίοχον
1591 1541 1656 1584 Ξλ-

261 1599 403 1648 πίσιν,
436 1595 686 1651 ἀπράκτους
716 1597 963 1642 ἀπέστειλεν
992 1601 1050 1649 εἰς
1080 1616 1159 1653 την
1181 1597 1379 1642 ’.Ελλάδα
1632 1621 1635 1623 ·

366 1654 464 1698 Ότι
503 1653 526 1699 ὁ
566 1654 783 1710 Ἀντίοχος
824 1653 1045 1725 ἀπογνους
1084 1655 1165 1698 τὸν
1205 1655 1400 1710 πόλεμον
1439 1653 1658 1699 ἀπέστειλε
1686 1644 1714 1682 9

263 1710 468 1768 πρέσβεις
497 1711 611 1767 πρὸς
635 1711 714 1755 τόν
742 1711 936 1763 ὕπατον,
979 1711 1114 1782 ἀξιῶν
1145 1711 1263 1769 αὐτῷ
1295 1713 1558 1785 συγγνώμην
1590 1715 1658 1755 δο-
1689 1700 1712 1742 5

42 1765 51 1991 ι
262 1773 402 1824 θῆναι
430 1769 529 1822 περὶ
558 1773 648 1812 τῶν
676 1769 995 1840 ἡμαρτημένων
1033 1769 1108 1812 καὶ
1147 1774 1290 1824 τυχεῖν
1322 1769 1395 1825 ἐφ’
1427 1767 1493 1820 οἷς
1524 1771 1658 1812 δυνα-

1682 439 1736 481 25

1710 498 1738 537 7

1682 555 1739 596 30

1684 1122 1739 1161 40

261 1826 342 1869 τόν
373 1825 459 1868 Ξστι
489 1829 581 1897 τῆς
596 1825 785 1882 εἰρήνης.
818 1825 842 1870 6
864 1825 910 1869 δὲ
928 1825 1096 1876 υπατος
1116 1827 1334 1895 διατηρῶν
1361 1826 1442 1895 τὴν
1472 1825 1658 1880 πάτριον
1689 1847 1744 1887 50

260 1887 340 1938 τῆς
366 1880 535 1937 Ῥώμης
565 1882 822 1930 ἐπιείκειαν,
862 1883 937 1926 καὶ
972 1884 1272 1955 παρακληθεὶς
1307 1881 1396 1926 υπὸ
1425 1888 1508 1927 τοῦ
1539 1883 1659 1926 ἀδελ-

262 1955 355 1996 (pov
390 1940 617 1989 Ποπλίου,
658 1938 935 2010 συνεχώρησε
965 1939 1045 1995 τὴν
1083 1939 1262 2010 εἰρήνην
1292 1938 1362 1982 Ξπὶ
1399 1942 1556 1991 τοῖςδε
1598 1940 1662 1983 Ξκ-

261 2000 460 2067 χωρῆσαι
487 1995 564 2039 τὸν
592 1996 774 2052 βασιλέα
803 2002 896 2048 τοῖς
921 1996 1150 2051 Ρωμαίοις
1177 2004 1252 2052 τῆς
1281 2013 1325 2040 τε
1345 1994 1565 2052 Ευριόπης
1589 1997 1663 2040 καὶ

39 2042 48 2112 1
261 2057 338 2109 τῆς
367 2053 437 2097 Ξπὶ
465 2051 568 2096 τάδε
605 2058 688 2098 τοῦ
723 2053 906 2108 Ταύρου
945 2052 1093 2122 χώρας
1127 2053 1203 2097 καὶ
1241 2070 1331 2097 των
1369 2054 1416 2097 Ξν
1447 2071 1555 2109 αυτῃ
1587 2052 1666 2097 πό-

261 2114 375 2154 λεων
403 2109 478 2154 καὶ
505 2109 674 2153 Ξθνων·
697 2114 1021 2183 παραχωρῆσαι
1054 2109 1100 2154 δὲ
1129 2114 1216 2154 τῶν
1245 2126 1290 2154 τε
1319 2110 1567 2165 ἐλεφάντων
1587 2111 1661 2154 καὶ
1691 2128 1746 2172 65

261 2171 444 2236 μακρῶν
471 2184 606 2238 νηων,
637 2167 712 2211 καὶ
740 2167 842 2239 τὰς
851 2166 1051 2219 δαπάνας
1080 2166 1159 2219 τὰς
1187 2168 1476 2224 γεγενημένας
1506 2170 1564 2219 εἰς
1584 2169 1662 2210 τὸν

50 2246 54 2298 3
261 2223 454 2279 πόλεμον
484 2222 762 2277 ἀποδοῦναι,
806 2241 870 2269 ων
895 2229 953 2280 ην
982 2224 1009 2280 ἡ
1040 2226 1285 2296 διατίμησις
1314 2225 1542 2269 ταλάντων
1572 2223 1664 2268 Εὐ-

262 2284 431 2351 βοῖκων
459 2282 633 2337 μυρίων
656 2283 1037 2355 πεντακιςχιλίων
1067 2280 1277 2334 ἐκδότους
1308 2282 1352 2326 δὲ
1381 2284 1664 2338 παραδοῦναι

263 2337 343 2381 τόν
369 2354 415 2382 τε
453 2337 768 2397 Καρχηδόνιον
801 2337 1007 2397 Ἀννίβαν
1042 2339 1118 2382 καὶ
1145 2338 1224 2383 τὸν
1254 2339 1454 2384 Αἰτωλὸν
1488 2339 1664 2383 Θόαντα

262 2472 321 2508 22.
346 2468 530 2519 Ελλήνων
553 2470 930 2521 ἓπεπρεσβεύκεισαν]
964 2473 1254 2532 Ξπρεσβεῦκεσαν
1277 2471 1459 2520 Ελλήνων
1482 2474 1522 2510 Μ

263 2519 323 2576 33.
347 2520 432 2563 περὶ
463 2521 596 2556 addidit
619 2522 766 2557 Vrsinus
905 2523 963 2557 2⁴.
989 2521 1140 2567 αὐτῶν]
1168 2519 1294 2557 αὐτῶν
1318 2523 1391 2556 MV
1530 2520 1586 2556 30.
1615 2516 1660 2555 ὃν

263 2560 312 2610 ἦν
335 2564 496 2610 εἰληφως
519 2567 686 2611 Vrsinus,
722 2565 744 2604 6
767 2571 838 2606 νῦν
864 2569 1027 2613 εἰληφώς
1049 2569 1155 2602 MV
1262 2565 1377 2614 ὅταν]
1404 2579 1466 2604 οτε
1489 2567 1660 2602 Schaefe-

263 2623 324 2648 rus
347 2615 392 2648 ad
419 2613 518 2648 Bosii
540 2614 778 2660 E11.p.470.
905 2614 1091 2663 Εὔβοιαν]
1120 2613 1265 2651 Εὔοιαν
1290 2616 1331 2650 Μ

358 2681 440 2717 621.
463 2682 522 2717 36.
547 2683 827 2730 πεπειραμένων
847 2685 890 2721 Μ
1002 2685 1061 2720 38.
1074 2683 1237 2742 τούτου]
1263 2696 1399 2720 τουτον
1421 2682 1497 2716 Rei.
1493 2681 1588 2716 Idus

265 2726 326 2762 ss.
343 2729 459 2762 -52.
482 2733 563 2772 post
584 2729 642 2763 72.
666 2732 764 2775 ponit
788 2733 828 2766 M
966 2731 1023 2768 45.
1049 2729 1087 2766 δὲ
1112 2732 1279 2774 Vrsinus,
1304 2729 1344 2765 δὲ
1369 2730 1489 2768 καλῶς
1512 2728 1584 2762 MV

265 2773 326 2809 47.
349 2775 425 2809 τῶν
439 2741 504 2810 ἐκρ
496 2775 567 2810 τοῦ
590 2777 672 2820 σ.]“
662 2790 698 2811 ln
718 2779 773 2812 his
792 2777 923 2821 aliquid
943 2778 1123 2812 varietatis
1143 2778 1227 2811 fuiss
1232 2790 1250 2810 e
1273 2779 1309 2811 in
1326 2777 1357 2810 V
1379 2777 1524 2817 videtur,
1548 2784 1655 2817 quum

266 2820 412 2855 Vrsinus
425 2825 600 2865 receptam
617 2824 823 2867 scripturam
840 2829 879 2858 ut
893 2835 936 2858 ex
951 2836 1052 2870 marg„
1041 2825 1112 2858 ine
1126 2824 1272 2882 petitam
1287 2822 1470 2867 proferat
1459 2833 1494 2855 ιη
1513 2825 1657 2855 annota-

267 2866 373 2909 tione,
395 2867 453 2902 cui
476 2868 637 2912 praefixit
660 2871 730 2906 τοῦ
753 2872 950 2914 συνεδρίου
1029 2851 1112 2905 ⁰57.
1138 2869 1241 2918 αὑτῷ
1264 2869 1421 2911 Vrsinus,
1445 2865 1560 2903 αὐτὸν
1585 2866 1657 2900 MV
