1968 3346
416 201 501 243 134
556 196 858 243 ExcERPTA
889 198 961 243 DE
992 196 1143 242 VIRT.
1172 198 1249 242 ET
1279 197 1394 241 Vl'r.
1422 200 1471 243 L.
1499 199 1693 243 XXXIII.

418 309 591 354 τούτων
633 308 788 360 οὐσίας
826 305 1084 379 ἀφῃρεῖτο.
1103 307 1181 364 ἐφ’
1219 306 1286 360 οἷς
1325 310 1699 380 δυςχεραινόντων
1741 314 1818 357 και

424 364 817 422 ἀγανακτούντων,
834 382 941 435 την
968 363 1088 434 παρὰ
1118 365 1297 409 πάντων
1326 363 1466 422 ὀργην
1494 368 1817 440 ἐπαναιρούμε-

340 427 396 471 45
423 439 504 473 νος
541 423 650 478 ταχύ
688 426 782 474 τοῖς
817 419 1186 478 ὑποτεταγμένοις
1222 417 1362 479 ἦλθεν
1400 425 1461 476 εἰς
1497 429 1638 481 μῖσος.
1697 425 1885 482 ὅμως594

423 479 703 551 ἐβασίλευσεν
732 478 804 549 ἔτη
831 480 1153 524 πεντεκαίδεκα.

540 534 642 579 ’Ότι
685 533 940 589 Ουρίατθος
978 539 1158 579 πολλῶν
1206 535 1545 590 παρατεθέντων
1584 537 1696 581 κατὰ
1737 538 1817 582 τὸν

422 590 568 649 γάμον
596 590 805 648 ἀργυρῶν
833 607 878 636 τε
901 591 975 635 καὶ
1003 594 1182 647 χρυσῶν
1206 591 1478 661 ἐκπωμάτων
1505 593 1581 636 καὶ
1608 595 1818 638 ποικίλων

338 654 395 700 60
425 650 501 693 καὶ
528 650 826 693 παντοδαπων
845 647 1152 719 ὑφασμάτων,
1190 651 1244 705 τῇ
1273 647 1412 720 λόγχῃ
1437 650 1820 722 προςαιωρησάμε-

423 722 503 756 νος
532 703 777 759 ἀπεθεώρει
804 704 855 749 τό
885 708 1095 749 τοιοῦτον
1123 708 1317 762 πλῆθος,
1360 704 1414 749 06
1443 706 1688 762 θαυμάζων
1717 707 1820 755 οὔτε

423 761 783 834 ἐκπληττόμενος,
813 760 924 806 ἀλλα
953 766 1122 831 μᾶλλον
1138 761 1512 833 καταφρονήσεως
1541 763 1719 808 ἔννοιαν
1734 764 1821 808 ἐπι-

423 820 611 891 φαίνων.
655 818 731 862 καὶ
768 817 909 862 πολλοὶ
951 817 1085 862 εἰπων
1105 833 1434 888 πραγματικως
1472 818 1700 891 ἀποκρίσει
1729 823 1821 891 μιᾷ

422 875 590 927 πολλὰς
619 872 831 948 ἐμφάσεις
860 873 1069 919 ἀπέλιπεν
1091 872 1344 931 ἀχαριστίας
1372 877 1434 927 εἰς
1460 875 1567 927 τούς
1595 875 1822 948 εὐεργέτας

339 940 396 986 55
424 933 501 976 καὶ
531 931 787 1002 ἀφροσύνης
816 932 884 976 ἐπὶ
919 932 969 976 τό
1009 932 1120 1003 μέγα
1159 936 1347 1003 φρονεῖν
1384 932 1454 976 ἐπὶ
1490 938 1582 984 τοῖς
1618 932 1823 985 ἀστάτοις

425 993 504 1045 τῆς
541 988 673 1058 τύχης
711 988 955 1045 δωρήμασι,
994 989 1045 1033 τό
1078 989 1125 1033 δὲ
1163 988 1388 1045 μέγιστον,
1430 989 1499 1033 ὅτι
1527 990 1602 1033 καὶ
1632 989 1820 1042 αὐτόςο

424 1045 685 1119 περιβόητος
713 1050 795 1089 τοῦ
824 1048 1127 1116 συγκηδεστοῦ
1151 1050 1341 1097 πλοῦτος
1370 1047 1531 1097 δοῦλος
1550 1049 1617 1117 ἠν
1635 1050 1720 1091 τοῦ
1740 1045 1822 1102 τὴν

425 1102 589 1173 λόγχην
618 1102 806 1159 ἔχοντος,
835 1102 948 1173 πρὸς
970 1103 1016 1146 δὲ
1045 1101 1223 1155 τούτοις
1250 1101 1319 1146 ὅτι
1345 1100 1476 1174 χάριν
1505 1101 1625 1172 αὐτῷ
1653 1108 1823 1176 μᾶλλον

339 1168 397 1216 60
427 1157 617 1230 ὀφείλει,
654 1160 809 1204 δίδωσι
840 1159 887 1204 δὲ
918 1158 1049 1204 οὐδὲν
1076 1160 1195 1203 ἰ’διον
1223 1162 1286 1216 τῷ
1317 1161 1460 1228 κυρίῳ
1487 1151 1681 1204 πάντων.
1722 1160 1746 1205 ὁ
1776 1158 1818 1205 δ’

427 1218 514 1263 οὐν
546 1215 800 1287 Ου’ρίατθος
831 1215 936 1261 οὔτε
977 1215 1189 1261 έλούσατο
1219 1205 1533 1271 λιπαρούντων
1569 1215 1671 1260 οὔτε
1699 1232 1823 1261 κατε-

421 1274 577 1331 κλίθη·
618 1272 831 1344 τραπέζης
869 1273 916 1318 δε
952 1274 1285 1346 παρατεθείσης
1311 1275 1609 1317 παντοδαπῶν
1620 1272 1824 1342 ,βρωμα-

421 1345 534 1379 των,
565 1328 745 1383 ἀφελών
772 1330 940 1401 α’ρτους
968 1331 1042 1374 καὶ
1057 1329 1177 1400 κρέα
1211 1335 1305 1381 τοῖς
1340 1328 1444 1386 μεθ’
1475 1330 1639 1374 ἑαυτοῦ
1666 1347 1825 1385 πορευ-

422 1391 568 1432 θεῖσιν
597 1387 745 1438 ε’δωκε,
774 1387 850 1430 καὶ
879 1385 1013 1437 αὐτὸς
1041 1385 1129 1431 ἀπὸ
1158 1391 1318 1443 χειρῶν
1348 1387 1511 1456 βραχέα
1531 1386 1825 1459 προςενεγκά-

338 1449 397 1499 65
425 1459 559 1515 μενος
577 1442 710 1513 οἴγειν
739 1443 938 1488 ἐκέλευσε
966 1443 1047 1515 τήν
1069 1443 1276 1515 νύμφην.
1321 1443 1466 1495 θύσας
1502 1443 1548 1487 δὲ
1575 1449 1670 1495 τοῖς
1698 1449 1825 1496 θεοῖς

425 1500 500 1545 καὶ
541 1499 594 1546 τὰ
632 1499 897 1555 νομιζόμενα
936 1498 1041 1554 παρ
1069 1499 1239 1572 Ἴβηρσι
1277 1500 1466 1556 ποιήσας
1514 1500 1692 1544 ἐπέθετο
1741 1501 1824 1557 τὴν

423 1557 654 1612 παρθένον
685 1556 755 1600 ἐπὶ
783 1557 865 1613 τὴν
894 1559 1054 1609 ι’ππον,
1084 1557 1160 1601 καὶ
1187 1560 1454 1627 παραχρῆμα
1483 1554 1736 1612 ἀπηλαυνεν
1764 1560 1826 1609 εἷς

429 1613 507 1664 τοὶς
537 1613 584 1657 έν
614 1618 708 1666 τοῖς
738 1613 860 1668 ὄρεσι
887 1614 1181 1684 παρασκευάς
1212 1611 1490 1669 ὑπελάμβανε
1504 1613 1614 1684 ἱ,γαρ
1635 1613 1715 1669 τὴν
1746 1613 1826 1670 μὲν

341 1680 398 1720 70
429 1669 695 1725 αὐτάρκειαν
724 1670 931 1726 μέγιστον
969 1668 1198 1741 ὑπάρχειν
1209 1674 1421 1722 πλοῦτον,
1462 1686 1512 1727 τη
1517 1687 1544 1713 ν
1574 1670 1620 1740 δὲ
1649 1670 1826 1714 ἐλευθε-

426 1729 528 1782 ρίαν
556 1729 771 1781 πατρίδα,
800 1727 881 1786 τὴν
911 1727 958 1771 δὲ
987 1727 1036 1771 ἐκ
1064 1733 1143 1798 τῆς
1171 1724 1379 1798 ἀνδρείας
1407 1726 1626 1800 ὑπεροχὴν
1654 1729 1825 1797 βεβαιο-

425 1783 561 1841 τάτην
583 1788 757 1853 κτῆσιν.
788 1786 850 1855 ἠν
876 1784 922 1828 δὲ
954 1784 978 1827 6
1010 1782 1122 1855 ἀνὴρ
1154 1779 1286 1833 οὗτος
1316 1783 1392 1828 καὶ
1417 1783 1528 1827 κατὰ
1556 1783 1634 1835 τας
1664 1782 1824 1840 ὁμολο-

424 1842 524 1909 γίας
553 1839 787 1913 εύστοχος,
815 1857 875 1892 ως
906 1841 962 1884 ἄν
990 1841 1033 1893 ἐξ
1063 1839 1384 1885 αὐτοδιδάκτου
1414 1841 1489 1885 καὶ
1517 1838 1824 1898 ἀδιαστρόφου

427 1896 606 1953 φύσεως
634 1896 897 1967 ἀμωμήτους
926 1896 1075 1968 φέρων
1103 1896 1211 1948 τούς
1239 1896 1415 1953 λόγους.

343 1961 400 2011 75
530 1955 632 1999 ’Ὅτι
660 1954 684 1998 6
712 1953 984 2024 Δημήτριος
992 1953 1039 1997 έν
1067 1955 1307 1998 Λαοδικεία
1339 1955 1580 2010 διατρίβων
1611 1953 1826 2027 ῥᾳθύμως

429 2012 564 2067 διῆγε,
598 2009 765 2062 πότους
793 2027 839 2055 τε
869 2010 1076 2082 συνάγων
1095 2012 1169 2054 καὶ
1192 2015 1285 2063 ταῖς
1313 2010 1700 2062 πολυτελεστάταις
1719 2011 1825 2056 ἀπο-

427 2068 637 2113 λαύσεσιν
682 2068 978 2123 ἐκκεχυμένως
1015 2067 1252 2124 χριόμενος
1309 2066 1471 2138 ὁμοίως
1510 2068 1558 2112 δὲ
1597 2068 1708 2112 κατὰ
1744 2069 1826 2125 τὴν

427 2123 606 2195 ἀγωγὴν
645 2125 669 2169 ὁ
701 2124 837 2176 αὐτὸς
867 2124 1079 2180 διέμεινεν
1109 2127 1169 2176 εἰς
1199 2123 1394 2176 πολλοὺς
1428 2127 1521 2181 εἰκῃ
1550 2129 1824 2181 παρανομῶν

426 2183 502 2227 καὶ
530 2199 589 2254 μη
621 2181 868 2253 δυνάμενος
895 2181 982 2226 ὑπὸ
1012 2197 1102 2225 των
1129 2180 1438 2251 έλαττωματων
1468 2184 1788 2239 διορθωθῆναι.

345 2249 402 2291 go
532 2238 632 2282 Ὀτι
662 2241 707 2283 οἱ
736 2238 963 2283 Κνοίσσιοι
992 2242 1082 2282 τῶν
1111 2240 1337 2293 πρωτείων
1366 2236 1628 2294 ἀντείχοντο.
1659 2243 1826 2294 προῆγε

430 2294 478 2340 δε
509 2293 672 2347 αύτούς
698 2296 768 2340 ἐπὶ
790 2295 877 2365 τήν
904 2301 982 2353 τῆς
1009 2294 1246 2352 ἡγεμονίας
1276 2296 1529 2365 φιλοτιμίαν
1557 2295 1607 2339 τό
1634 2296 1826 2340 παλαιὸν

429 2350 600 2421 ἀξίωμα
629 2356 706 2425 τῆς
741 2351 911 2404 πόλεως
948 2353 1024 2396 καὶ
1060 2368 1150 2396 των
1187 2350 1420 2421 προγόνων
1448 2370 1475 2410 η
1507 2353 1827 2424 διαβεβοημένη

429 2407 536 2460 δόξα
565 2408 675 2452 κατα
704 2410 809 2461 τούς
840 2408 1057 2467 ἡρωικοὺς
1085 2407 1287 2465 χρόνους.
1318 2408 1397 2452 τόν
1425 2425 1470 2453 τε
1499 2425 1583 2464 γαρ
1606 2410 1696 2452 Δία
1723 2407 1827 2464 παρ’

345 2472 400 2516 85
430 2464 583 2517 αὐτοῖς
612 2464 859 2537 τετραφθαι
887 2467 1194 2521 μυθολογοῦσί
1222 2481 1336 2515 τινες
1363 2465 1438 2508 καὶ
1466 2467 1599 2509 Μίνω
1629 2464 1710 2509 τόν
1736 2471 1826 2509 θα-

429 2522 842 2593 λαττοκρατήσαντα
871 2522 1106 2566 Κνώσσιον
1134 2522 1243 2566 ὄντα
1271 2524 1567 2580 παιδευθῆναι
1594 2521 1684 2567 ὑπὸ
1701 2521 1825 2576 Διός,

429 2579 505 2624 καὶ
533 2578 648 2623 πολύ
677 2582 765 2624 τῶν
795 2578 940 2624 ἄλλων
969 2578 1103 2639 ἀρετῇ
1133 2581 1383 2634 διενεγκεῖν.

520 2681 601 2720 591-
627 2682 687 2719 51.
711 2679 821 2729 ουτε]
847 2683 957 2718 immo
981 2680 1072 2720 ου’δε
1187 2681 1246 2717 54.
1269 2679 1508 2725 ἇπέλιπεν],
1512 2682 1638 2724 ‚deesse
1663 2681 1826 2717 videntur

427 2729 789 2764 nonnulla“VA121;s.
881 2729 940 2765 55.
968 2728 1050 2774 ἐπὶ]
1087 2741 1131 2764 au
1156 2726 1260 2764 ἐστὶῒ
1353 2728 1411 2765 65.
1434 2728 1497 2764 καὶ
1519 2729 1698 2769 Valesius,
1731 2725 1827 2762 κατὰ

427 2775 479 2813 V,
513 2787 572 2808 nes
575 2775 631 2810 cio
665 2786 711 2810 an
734 2775 863 2810 omisso
887 2789 935 2811 τα
1038 2776 1096 2812 68.
1120 2773 1382 2820 παρασκευάς]
1408 2786 1520 2809 noune
1543 2772 1780 2814 ἀποσκευάς.)

427 2819 485 2854 ¹52.
496 2817 708 2870 ὁμολογίας]
735 2819 880 2867 ὁμιλίας
891 2823 938 2858 w
941 2823 1159 2868 esselingius,
1184 2821 1387 2867 ἀπολογίας
1409 2822 1494 2858 Exc.
1506 2821 1616 2858 Iatic.
1608 2833 1663 2866 p.
1675 2819 1756 2857 1⁰8.
1768 2818 1826 2856 22
