1968 3346
418 191 721 235 EXCERPTA
750 191 943 232 ΡΗΟΤΠ
972 192 1022 232 L.
1049 191 1244 235 XXXVI.
1465 196 1530 237 63

33 293 38 306 ‘
79 331 82 343 ·
131 302 277 348 αὑτοῦ
316 302 511 373 δύναμιν
557 301 836 374 κατατρέχειν
881 299 968 371 τὴν
1003 300 1154 371 χώραν
1199 303 1274 346 καὶ
1313 301 1533 348 ἄνασείειν

126 362 241 432 ,πρὸς
258 359 514 404 ἀπόστασιν
534 359 641 410 τους
667 359 835 409 οἰκέτας
864 356 1150 410 ἄπεσταλκώς.
1181 358 1286 414 μετὰ
1317 362 1363 404 δὲ
1391 367 1529 405 ταῦτα
1558 364 1614 408 50

129 417 388 475 ὑπονοήσας
434 416 458 461 ὁ
510 415 701 470 Τρύφων
737 414 816 458 τὸν
855 411 1105 485 Ἀθηνίωνα
1157 415 1444 486 ἐπιθήσεσθαι
1481 417 1530 461 ἐν

80 483 86 510 '-
129 478 273 532 καιρῷ
310 472 564 544 παρέδωκεν
601 474 661 521 εἰς
689 469 906 528 φυλακήν.
947 471 998 515 τὸ
1034 471 1080 514 δὲ
1112 471 1336 527 φρούριον
1367 472 1531 529 ὀχυρώ-

41 541 50 552 ”
82 558 87 570 x
127 547 263 575 τατον
307 530 360 575 όν
397 526 679 581 κατεσκεύαζε
721 527 973 572 πολυτελέσι
1014 534 1303 580 κατασκευαῖς
1353 532 1427 574 καὶ
1459 531 1530 574 ἐπὶ

43 617 48 632 ‚
82 615 85 618 -
127 591 298 657 μᾶλλον
336 585 527 658 ὠχύρου.
579 584 801 656 Τριόκαλα
849 585 895 628 δὲ
937 581 1045 628 αύτό
1086 597 1224 641 φασιν
1269 584 1528 641 ωνομάσθαι
1557 590 1613 633 55

128 646 202 688 διὰ
235 643 285 688 τὸ
323 646 422 697 τρία
462 640 575 685 καλὰ
610 642 745 697 ἔχειν,
788 645 966 711 πρῶτον
1001 641 1083 696 μὲν
1121 644 1396 710 ναματιαίων
1424 643 1530 687 ὑδά-

126 717 218 744 των
245 704 412 769 πλῆθος
438 697 667 768 διαφόρων
695 715 751 767 τῃ
776 696 1042 769 γλυκύτητι,
1076 696 1284 752 δεύτερον
1325 715 1533 752 παρακει-

74 781 77 808 3
127 757 264 813 μένην
290 755 437 812 χώραν
467 753 780 810 ἀμπελόφυτόν
809 771 854 798 τε
890 755 964 798 καὶ
994 753 1261 827 ἐλαιόφυτον
1289 756 1363 798 καὶ
1400 773 1532 811 γεωρ-

28 809 35 817 ”
74 809 77 830 ²
125 817 299 884 γεῖσθαι
342 813 591 881 δυναμένην
630 815 927 881 θαυμαστῶς,
980 813 1130 864 τρίτον
1170 810 1532 882 ὑπερβάλλουσαν

76 889 83 907 21
126 868 394 939 ὀχυρότητα,
429 869 485 920 ὡς
517 885 573 911 αν
600 866 735 923 ούσης
776 867 962 938 μεγάλης
998 867 1157 937 πέτρας
1187 868 1440 912 ἀναλώτου·
1472 867 1529 924 ἣν
1558 875 1615 915 60

78 949 82 962 ·
124 926 200 970 καὶ
226 924 446 982 περιβόλῳ
476 925 642 976 πόλεως
679 926 869 968 σταδίων
904 922 1021 968 ὀκτω
1053 924 1418 980 προςπεριβαλών
1454 926 1530 968 καὶ

124 984 377 1053 ταφρεύσας
434 984 606 1052 βαθείᾳ
649 981 804 1051 τάφρῳ
866 982 1102 1050 βασιλείοις
1152 982 1306 1037 ἐχρῆτο
1328 1015 1341 1033 ,
1408 980 1528 1037 πάσῃ

124 1038 333 1108 αφθονία
361 1041 449 1081 τῶν
497 1054 609 1082 κατα
654 1037 732 1082 τὸν
770 1038 872 1107 βίον
922 1036 1130 1082 ἁπαντων
1149 1040 1525 1110 πεπληρωμένην.

75 1101 80 1129 ⁴·
124 1094 412 1140 κατεσκεύασε
446 1094 494 1138 δὲ
534 1096 608 1139 καὶ
645 1094 881 1163 βασιλικην
916 1096 1062 1138 οἰκίαν
1090 1094 1163 1138 καὶ
1193 1111 1366 1150 αγοραν
1395 1098 1525 1139 δυνα-
1555 1098 1612 1143 65

38 1148 43 1163 ’
76 1155 81 1183 '⁵
123 1153 275 1221 μένην
287 1153 494 1204 δέξασθαι
523 1155 694 1208 πλῆθος
723 1150 993 1220 ἀνθρώπων.
1019 1151 1234 1203 ἐξελέξατο
1266 1152 1311 1196 δὲ
1341 1152 1414 1195 καὶ
1438 1155 1529 1195 τῶν
1573 1199 1577 1203 ,

30 1224 42 1249 ⁶.
77 1235 79 1238 -
125 1207 342 1265 φρονήσει
386 1185 690 1279 διαφερόντων
726 1205 905 1263 ἄνδρων
942 1207 1048 1258 τούς
1077 1206 1284 1261 ἱκανούς,
1312 1207 1393 1259 οὓς
1424 1225 1529 1252 απο-

124 1268 266 1318 δείξας
305 1264 588 1333 συμβούλους
627 1265 778 1333 ἐχρῆτο
827 1265 1060 1318 συνέδροις
1097 1263 1268 1316 αὐτοῖς·
1311 1265 1530 1322 τηβεννάν

123 1339 168 1367 τε
211 1321 552 1390 περιπόρφυρον
588 1320 896 1390 περιεβαλλετο
930 1321 1005 1365 καὶ
1047 1322 1334 1391 πλατύσημον
1364 1324 1440 1366 ἔδυ
1469 1340 1528 1377 χι-

35 1401 43 1409 ·
109 1383 240 1423 ’τωνα
287 1379 398 1422 κατοὶ
439 1378 545 1430 τούς
594 1377 943 1434 χρηματισμούς,
997 1379 1072 1421 καὶ
1121 1378 1402 1449 ῥαβδούχους
1434 1384 1526 1449 εἰχε
1555 1385 1611 1426 70

121 1435 228 1506 μετὰ
265 1436 479 1479 πελέκεων
520 1435 625 1488 τούς
661 1436 1047 1491 προηγουμένους,
1097 1436 1173 1479 καὶ.
1210 1434 1344 1479 τᾶλλα
1385 1435 1528 1480 πάντα

36 1506 42 1517 ²
69 1489 76 1526 ἶ
121 1492 206 1537 ὅσα
222 1494 410 1536 ποιοῦσί
439 1509 484 1536 τε
513 1493 588 1536 καὶ.
618 1493 933 1546 ἐπικοσμοῦσιν
950 1490 1188 1561 ἐπετήδευε
1217 1493 1454 1562 βασιλείαν.

236 1551 566 1621 Προχειρίζεται
597 1550 641 1593 δὲ
670 1566 780 1592 κατα
812 1565 901 1592 των
935 1546 1196 1592 αποστατων
1224 1549 1252 1606 ἦ
1286 1548 1529 1621 σύγκλητος

8 1645 16 1656 ,
58 1599 67 1640 3
118 1609 209 1650 τῶν
243 1604 470 1675 Ῥωμαίων
508 1605 701 1649 Λεύκιον
745 1607 951 1649 Λικίνιον
995 1604 1308 1657 Λούκουλλον,
1372 1606 1528 1662 ἔχοντα

121 1661 392 1734 στρατιώτας
425 1664 614 1718 μυρίους
650 1663 730 1717 μὲν
765 1662 840 1705 καὶ
877 1664 1240 1717 τετρακιςχιλίους
1282 1661 1526 1733 Ρωμαίους
1555 1667 1612 1712 75

119 1721 195 1764 καὶ
229 1718 446 1770 Ἰταλούς,
484 1719 712 1769 Βιθυνοὺς
749 1719 795 1762 δε
833 1718 908 1761 καὶ
940 1719 1185 1769 Θετταλούς
1220 1719 1296 1762 καὶ
1321 1717 1528 1776 Ἀκαρνᾶ-

15 1809 25 1818 ,.
61 1782 63 1787 “
118 1793 198 1826 νας
230 1774 540 1828 ὀκτακοσίους,
583 1775 630 1818 ἐκ
671 1776 717 1819 δὲ
756 1779 832 1831 τῆς
861 1778 1110 1825 Λευκανίας
1140 1775 1420 1847 εξακόσίους,
1463 1777 1528 1819 ὠν

2 1834 37 1863 ¹2*
64 1847 72 1882 ².'
117 1832 264 1901 ἡγεῖτο
294 1832 530 1903 Κλέπτιος,
573 1830 681 1889 ανὴρ
695 1831 1000 1902 στρατηγικὸς
1038 1832 1112 1875 καὶ
1142 1830 1212 1875 ἐπ’
1243 1830 1426 1902 oev6Qee'qe
1457 1849 1527 1876 πε-

0 1891 19 1920 «’
70 1891 71 1895 ’
117 1887 346 1957 ριβόητος,
387 1889 449 1932 ἔτι
487 1888 538 1932 δὲ
574 1906 648 1932 και
688 1887 862 1943 ἑτέρους
902 1888 1181 1941 ἑξακοσίους,
1223 1906 1282 1940 ως
1321 1890 1528 1944 γενέσθαι

68 1953 71 1957 ⁴
116 1946 373 2014 σύμπαντας
414 1944 754 2017 ἑπτακιςχιλίους
790 1946 863 1988 καὶ
893 1946 1104 1999 μυρίους,
1146 1944 1225 1997 οὓς
1264 1947 1373 2017 έχων
1401 1945 1523 1989 κατέ·
1553 1954 1611 1994 80

17 2009 33 2073 ’ἱ
69 2002 72 2028 Ᾰ
119 2006 224 2059 λαβε
248 2018 343 2074 τ-ην
379 2004 602 2045 Σικελίαν.
642 2001 667 2047 ὁ
712 2003 758 2047 δε
790 2000 986 2058 Τρύφων
1016 2001 1240 2054 απολύσας
1276 2001 1523 2058 Ἀθηνίωνα

117 2077 194 2116 της
221 2060 359 2110 αἰτίας
362 2058 633 2129 ἐβουλεύετο
661 2076 760 2114 περι
778 2064 860 2102 τοῦ
889 2059 1000 2112 πρός
1025 2058 1274 2130 “Ρωμαίους
1313 2060 1523 2114 πολέμου.

29 2118 194 2161 -6καὶ
231 2120 291 2174 τῷ
327 2115 407 2171 μὲν
453 2115 638 2186 ἤρεσκεν
681 2117 728 2160 ἐν
773 2121 865 2167 τοῖς
907 2116 1170 2186 Τριοκοξλοις
1218 2115 1520 2171 ἀγωνίζεσθαι,

68 2208 69 2211 ¹
115 2161 337 2230 Ἀθηνίων
367 2172 412 2216 δὲ
446 2172 734 2227 συνεβούλευε
763 2173 822 2229 μή
855 2176 1096 2228 συγκλείειν
1129 2173 1313 2225 εαυτούς
1352 2175 1412 2224 εἰς
1443 2189 1520 2216 πο·
1551 2179 1607 2222 85

119 2232 342 2299 λιορκίαν,
394 2226 481 2272 ἄλλ’
519 2229 567 2273 έν
604 2229 810 2287 ὑπαίθρῳ
851 2232 1194 2285 διαγωνίζεσθαι.
1242 2228 1522 2286 κρατησασης

118 2288 165 2330 δὲ
194 2285 353 2356 ταύτης
381 2290 455 2341 τῆς
484 2289 649 2355 βουλῆς
679 2276 1162 2340 κατεστρατοπέδευσαν
1180 2289 1368 2342 πλησίον
1387 2291 1522 2340 Σκιρ-

117 2345 278 2398 θαίας,
319 2341 441 2394 ὄντες
469 2341 554 2387 ούκ
583 2343 786 2396 ἐλάττους
817 2360 908 2388 των
942 2346 1334 2416 τετρακιςμυρίων·
1374 2342 1521 2399 ἀπεῖχε

116 2478 174 2513 54.
200 2478 329 2521 φασιν]
356 2489 471 2522 φησιν
495 2479 528 2513 Β
685 2479 744 2514 56.
777 2480 1030 2535 ναματιαίων]
1056 2480 1288 2525 ναβατιαίων
1310 2479 1420 2514 Amst.

116 2525 173 2560 5⁴⁴.
198 2525 427 2567 θαυμαστῶς
452 2526 578 2560 om.13
726 2527 783 2560 63.
809 2525 924 2572 πάσῃ]
950 2528 1052 2563 πᾶσα
1076 2529 1160 2561 Ams
1164 2532 1187 2562 t.
1340 2523 1522 2560 amium

116 2574 170 2614 A,
197 2569 345 2605 ἅπαντα
370 2572 501 2604 caeteri
648 2570 705 2606 65.
731 2573 912 2616 δέξασθαι
934 2575 965 2607 Α
988 2575 1121 2614 Amst„
1148 2572 1276 2607 caeteri
1302 2573 1476 2616 δέχεσθαι

185 2618 243 2653 68.
267 2615 537 2661 περιεβάλλετο]
561 2616 795 2665 περιεβάλετο
822 2621 852 2654 Β
1014 2621 1072 2653 71.
1105 2621 1256 2654 ποιοῦσί
1279 2632 1316 2654 τε
1341 2622 1367 2652 Α
1394 2620 1517 2658 Amst„

117 2664 246 2699 caeteri
269 2663 422 2698 ποιοῦσί
445 2675 481 2707 γε
603 2664 660 2700 74.
686 2668 868 2711 1ικίνιον]
895 2667 1088 2702 Λικίννιον
1112 2666 1189 2700 edd.
1214 2669 1293 2699 ante
1316 2665 1518 2699 Bekkerum

210 2711 453 2746 Λούκουλλον
470 2711 520 2750 A,
544 2708 775 2747 Λεύκουλλον
800 2714 929 2748 caeteri
1067 2713 1125 2746 76.
1148 2711 1388 2754 Ἀκαρνᾶνας]
1415 2713 1519 2752 Καρ-

117 2757 234 2797 vavas
257 2759 288 2791 A
378 2755 435 2790 79.
461 2754 657 2802 {amma-J
683 2770 717 2793 v.
741 2764 856 2796 annot.
950 2759 1007 2794 83.
1033 2755 1202 2804 ἤρεσκεν]
1229 2757 1387 2803 ἤρεσκον
1403 2759 1516 2791 Amst.

208 2814 288 2850 536.
312 2813 369 2849 86.
396 2810 550 2860 ταύτης]
575 2813 692 2862 αὐτῆς
714 2816 743 2852 Α
905 2816 963 2853 87.
991 2816 1221 2865 Σκιρθαίας]
1249 2816 1463 2864 Σκριθαίας
1486 2815 1515 2849 Α
