1968 3346
603 771 659 816 L.
742 769 987 815 XXII.

23 962 44 1003 {a
79 969 81 973 ·
198 945 298 991 ’Ότι
323 947 382 998 εἷς
406 945 456 990 τό
483 945 658 1003 Ῥήγιον
687 944 902 1002 ἀπεστάλη
932 943 1113 1001 φρουρὰ
1139 942 1228 988 ὑπὸ
1252 941 1488 1001 Ῥωμαίων.

14 1023 43 1074 τῷ
76 1002 123 1068 6
162 1004 209 1048 δὲ
242 1006 460 1059 χιλίαρχος
488 1006 666 1057 Δέιιος,
704 1003 753 1047 τό
790 1003 919 1057 γένος
957 1000 1229 1057 Καμπανός,
1261 1004 1486 1058 πλεονεξίᾳ

13 1065 81 1118 ui.
80 1061 170 1105 καὶ
196 1061 332 1117 τόλμη
371 1061 620 1115 διαφέρων,
669 1059 906 1116 ἐμιμήσατο
945 1059 1025 1114 τὴν
1060 1062 1150 1101 τῶν
1179 1061 1485 1127 Μαμερτίνων

23 1114 44 1176 a}
80 1120 394 1186 παρανομίαν.
427 1117 587 1160 ἐκεῖνοι
613 1115 699 1187 γάρ
727 1115 1064 1171 προςδεχθέντες
1103 1113 1190 1158 ὑπὸ
1220 1117 1487 1171 Μεσσηνίων
1516 1118 1572 1159 80

79 1174 154 1225 ὡς
184 1175 308 1229 φίλοι
345 1172 424 1229 τήν
463 1173 541 1229 μὲν
569 1174 702 1217 πόλιν
741 1173 1057 1228 κατελάβοντο,
1099 1171 1207 1222 τούς
1237 1172 1284 1215 δὲ
1314 1176 1491 1244 Μεσση-

79 1231 222 1282 νίους
263 1230 329 1273 ἐπὶ
370 1234 447 1286 τῆς
476 1231 590 1281 ἰδίας
619 1230 763 1281 ἑστίας
792 1230 1011 1279 ἑκάστους
1034 1227 1285 1298 σφάξαντες
1324 1228 1490 1285 ε’γημαν

79 1287 173 1338 τὰς
212 1291 303 1330 τῶν
342 1285 566 1339 ἰδιοξένων
583 1292 841 1359 ‘yvvalxaffi
886 1287 960 1329 καὶ
996 1284 1073 1336 τὰς
1109 1289 1200 1328 τῶν
1232 1286 1492 1341 σφαγέντων

72 1337 266 1400 ’ἱκτησεις
293 1345 515 1414 κατέσχον.
551 1345 595 1387 οἱ
623 1344 671 1388 δὲ
700 1345 797 1399 περὶ
826 1342 906 1387 τόν
935 1342 1098 1385 Δέκιον
1126 1343 1387 1410 Καμπανοί,
1420 1343 1492 1385 δο·

79 1401 245 1452 θέντες
282 1399 369 1444 ὑπό
396 1398 621 1471 Ῥωμαίων
657 1400 851 1470 φύλακες
879 1403 969 1442 τῶν
990 1397 1238 1468 Ρηγίνων,
1268 1397 1491 1454 ἐζήλωσαν
1519 1400 1576 1444 85

70 1458 176 1513 τὴν
203 1457 373 1500 τούτων
399 1455 618 1526 ω’μότητα·
649 1474 755 1509 τους
779 1474 866 1529 γαρ
892 1455 1119 1527 Ῥηγίνους
1147 1453 1389 1523 σφάξαντες
1417 1455 1494 1498 καὶ

78 1515 173 1577 τὰς
201 1513 375 1585 κτήσεις
400 1513 646 1570 διελόμενοι
687 1516 898 1570 κατέσχον
936 1513 1015 1569 τὴν
1043 1511 1174 1556 πόλιν
1201 1529 1262 1562 ως
1293 1514 1492 1567 δορίκτη-

66 1586 187 1615 τον
227 1570 251 1614 ὁ
283 1571 329 1614 δὲ
359 1570 426 1614 ἐπὶ
454 1575 529 1627 τῆς
559 1575 761 1626 φρουρᾶς
796 1571 1055 1626 τεταγμένος
1081 1569 1240 1619 Δέκιος
1268 1567 1492 1624 εξαργυρι-

78 1628 287 1682 σάμενος
314 1644 393 1678 τας
420 1631 510 1671 τῶν
541 1627 818 1697 ἠτυχηκότων
835 1628 1031 1698 κτήσεις,
1059 1626 1134 1670 καὶ
1163 1625 1245 1696 τήν
1275 1627 1491 1680 διαίρεσιν
1519 1630 1576 1671 90

96 1689 174 1740 τῆς
205 1683 416 1740 ω’φελείας
455 1683 611 1727 ἄδικον
638 1684 957 1755 ποιησάμενος,
996 1683 1192 1751 ἐξέπεσεν
1220 1681 1268 1725 ἐκ
1296 1686 1378 1726 τοῦ
1404 1681 1495 1738 Ῥη-

76 1744 220 1818 Ιγίου,
235 1741 546 1810 φυγαδευθεὶς
568 1739 657 1784 υπὸ
685 1747 775 1784 τῶν
804 1739 1202 1808 συνασεβησάντων
1224 1742 1493 1810 Καμπανῶν.

76 1823 79 1834 ·
100 1797 157 1841 ου’
186 1814 273 1866 μην
301 1797 516 1853 ἐξέφυγον
538 1797 617 1868 τὴν
638 1800 850 1853 τιμωρίαν
875 1800 919 1841 οἱ
947 1794 1364 1864 παρανομήσαντες,
1394 1793 1492 1838 αλλ’

68 1853 77 1886 ἶ
99 1854 124 1897 6
154 1854 234 1910 μὲν
261 1854 421 1904 Δέκιος
459 1855 520 1904 εἰς
549 1853 808 1924 ὀφθαλμίαν
835 1854 1027 1912 χαλεπὴν
1064 1850 1264 1908 ἐμπεσών
1292 1854 1494 1922 μετεπέμ-

75 1918 211 1961 ψατο
249 1914 339 1952 τῶν
369 1911 533 1964 ἰατρῶν
560 1910 639 1954 τόν
668 1910 869 1964 ἄριστον·
910 1913 1039 1962 οὑτος
1077 1911 1123 1954 δὲ
1159 1909 1241 1966 τὴν
1275 1910 1386 1966 ὑπὲρ
1398 1914 1492 1980 τῆς
1518 1913 1576 1957 95

76 1968 308 2021 πατρίδος
350 1968 566 2036 τιμωρίαν
605 1951 841 2022 λαμβάνων
880 1970 1044 2018 ικανῶς
1079 1968 1352 2036 κανθαρίσιν
1380 1965 1490 2023 υπή-

76 2028 217 2074 λειψε
246 2023 324 2066 τὸν
340 2024 525 2076 Δέκιον,
557 2025 632 2068 καὶ
659 2029 736 2081 τῆς
763 2025 955 2080 ὁράσεως
984 2022 1123 2069 αὐτὸν
1148 2022 1359 2080 στερήσας
1386 2025 1490 2080 ε’φυ-

75 2097 173 2137 γεν
202 2097 249 2123 εκ
278 2083 353 2135 τῆς
381 2080 628 2137 Μεσσήνης

192 2136 300 2179 ,“Ὅτι
335 2138 517 2188 Φιντίας
547 2136 571 2181 ὁ
601 2140 690 2181 τῶν
717 2137 890 2182 πόλεων
917 2139 1071 2207 βιαίως
1101 2136 1248 2193 ἅρχων
1285 2138 1362 2208 νκαὶ
1389 2145 1493 2183 πολ-

75 2174 206 2245 λους
234 2209 324 2236 των
352 2191 555 2248 εὐπόρων
584 2193 779 2249 άναιρων
805 2193 896 2239 ’ὑπὸ
914 2211 1003 2238 των
1025 2194 1388 2266 ὑποτεταγμένων
1418 2197 1491 2240 διὰ
1522 2201 1605 2241 100

97 2251 190 2320 τὴν
215 2252 494 2305 παρανομίαν
531 2250 728 2306 ἐμισεῖτο.
778 2252 928 2306 διόπερ
969 2250 1176 2295 ἁπάντων
1212 2253 1354 2296 ὄντων
1382 2253 1495 2308 πρὸς

101 2304 362 2357 ἀπόστασιν,
406 2306 516 2362 ταχὺ
555 2310 841 2360 ταπεινωθεὶς
884 2308 1137 2379 μετεβάλετο
1184 2308 1265 2353 τὸν
1311 2310 1492 2363 τρόπον,

99 2363 172 2407 καὶ
200 2363 626 2434 φιλανθρωπότερον
656 2365 804 2435 ἅρχων
834 2365 1083 2422 διακατέσχε
1109 2365 1213 2418 τοὺς
1240 2363 1330 2409 υπό
1343 2372 1494 2435 χεῖρα.

200 2418 302 2462 “On
338 2422 610 2490 Πτολεμαῖος
647 2420 672 2466 6
712 2423 994 2466 Μακεδόνων
1008 2421 1257 2492 βασιλεύς,
1304 2422 1386 2480 τὴν
1413 2425 1494 2479 μὲν

99 2475 272 2547 ηλικίαν
310 2475 411 2525 νέος
449 2476 512 2519 (ὃν
549 2482 816 2550 παντελως,
839 2477 1109 2548 πραγμάτων
1157 2479 1204 2524 δε
1243 2485 1491 2536 πολεμικῶν
1546 2484 1574 2527 5

101 2533 305 2585 ἄπειρος,
337 2531 470 2588 φύσει
490 2533 536 2577 δὲ
555 2535 728 2588 θρασύς
747 2535 822 2579 καὶ
840 2534 1082 2606 προπετής,
1113 2535 1246 2579 οὐδὲν
1273 2554 1363 2581 των
1390 2555 1490 2594 χρη-

102 2591 241 2644 σίμων
270 2594 546 2642 προενοεῖτο·
575 2596 663 2634 τῶν
687 2593 770 2648 γὰρ
793 2595 936 2645 φίλων
956 2591 1077 2662 αὐτῷ
1099 2595 1492 2649 συμβουλευόντων

102 2645 399 2698 ἀναδέξασθαι
426 2661 531 2698 τους
560 2645 943 2705 αφυστεροῦντας,
973 2647 1029 2693 οὐ
1049 2638 1308 2708 προςέσχεν.

101 2780 159 2815 79.
184 2781 452 2839 Μαμερτίνων]
476 2784 613 2831 Μαμερ
616 2798 728 2822 τινων
751 2786 782 2819 V
805 2788 839 2821 et
861 2797 943 2821 mox
960 2782 1022 2832 Ρη
1026 2780 1141 2832 γινων
1301 2787 1359 2823 87.
1384 2789 1490 2834 δορί-

101 2829 251 2873 κτητον]
277 2826 506 2874 δορύκτητον
529 2832 559 2864 V
696 2831 753 2867 98.
780 2829 800 2870 ὁ
827 2800 1022 2869 ᾱοῑοηὼιωη
1033 2834 1171 2869 videtur
