1968 3346
468 246 554 286 2⁰2
751 238 1173 282 FRAGMENTA
1209 242 1261 282 L.
1290 241 1470 284 XXI.—

468 352 511 425 ςό
541 349 800 421 Δημητρίου
827 346 996 390 addunt
1022 349 1143 392 MSS,
1177 351 1370 406 Palisini)
1399 357 1554 422 κρατεῖ
1581 328 1856 400 Μακεδόνων

384 414 436 456 16
468 426 540 465 ετη
570 407 646 462 ιβ’,
675 403 787 451 κατά
819 403 865 447 δὲ
894 403 973 449 ,τὸν
1001 403 1279 461 Διόδωρον’
1265 407 1337 464 ε’τη
1366 407 1422 452 θ’.

577 463 806 523 Syncellus
834 476 879 543 Ρ.
905 465 1000 506 267.

1068 541 1245 585 XLVII.

454 609 678 667 Ῥηγούλῳ
707 612 769 667 τῷ
792 608 991 666 Ῥωμαίῳ
1020 608 1067 653 δὲ
1102 609 1274 679 Μάρκῳ
1303 612 1365 669 τῷ
1394 610 1665 670 στρατηλάτῃ

459 655 772 722 κατασχεθέντι
801 670 1006 734 Σικελοῖς
1034 663 1148 721 μάθε
1177 665 1226 710 τὸ
1257 656 1382 719 τέλος
1414 665 1539 712 οἷον.
1584 692 1587 695 ’

459 724 513 768 τοὶ·
542 725 741 795 βλέφαρα
770 727 861 767 τῶν
890 722 1141 794 ὀφθαλμῶν
1170 725 1360 793 μαχαίρα
1391 724 1673 795 συντεμόντες
1744 754 1749 767 .

459 780 765 851 η’νεῳγμένους
795 781 948 823 εἴασαν
975 795 1081 830 τους
1109 769 1377 849 ὀφθαλμους
1405 780 1590 825 ἐκείνου.

403 836 431 879 5
461 842 596 909 μικρᾷ
628 837 673 882 δὲ
701 840 864 880 τοῦτον
894 836 1108 890 εἴρξαντες
1137 835 1307 894 καλύβῃ
1337 837 1608 895 στενωτάτῃ,

461 893 621 950 ἄγριον
650 893 1005 963 ἐξοιστρησαντες
1033 892 1250 962 ἐλέφαντα
1278 896 1463 950 θηρίον,

458 951 638 995 ἐκίνουν
667 954 827 993 τοῦτον
857 947 967 993 καθ’
1000 947 1141 993 αὑτοῦ
1170 954 1484 1021 συγκατασπᾶν
1512 950 1588 994 καὶ
1616 952 1737 1004 ξέειν.

459 1007 576 1052 οὕτω
595 1006 1012 1077 ποινηλατούμενος
1040 1005 1064 1049 ὁ
1095 1005 1335 1063 στρατηγος
1365 1005 1389 1058 ὁ
1420 1008 1554 1064 μέγας
1607 1058 1610 1060 ,
1688 1050 1691 1054 ,

460 1064 548 1117 τόν
570 1067 672 1121 βίον
701 1063 1015 1115 ἐξαπέπνευσεν
1019 1061 1322 1138 Ηὴθλιωμένῳ
1335 1063 1404 1115 τέλ
1409 1080 1457 1107 ει.

379 1123 433 1163 10
550 1125 679 1175 Τοῖς
684 1124 894 1172 Σικελοῖς
912 1119 988 1163 καὶ
1010 1119 1270 1173 Ξάνθιππος
1300 1118 1324 1164 ὁ
1344 1119 1628 1189 Σπαρτιάτης
1653 1111 1856 1181 θνήσκει.

459 1179 560 1232 περὶ
587 1176 691 1234 γὰρ
692 1194 751 1222 το
784 1175 1030 1249 Λιλύβαιον
1058 1180 1148 1220 τῶν
1173 1181 1378 1249 Σικελῶν
1406 1176 1487 1236 τὴν
1513 1176 1648 1235 πόλιν

454 1234 688 1308 Ῥωμαιοις
715 1251 759 1278 τε
787 1233 864 1278 καὶ
892 1237 1096 1287 Σικελοῖς
1125 1231 1323 1304 πόλεμος
1344 1232 1588 1289 ἐκροτεῖτο,

457 1293 570 1346 πρὸς
607 1293 744 1335 ε’ίκοσι
774 1290 848 1334 καὶ
875 1290 1086 1345 τέσσαρας
1114 1290 1220 1342 τούς
1246 1289 1436 1346 χρόνους
1465 1290 1710 1361 ἐξαρκέσας.

461 1365 505 1393 οι
535 1349 712 1391 Σικελοὶ
739 1353 833 1398 ταῖς
860 1346 1016 1403 μάχαις
1047 1348 1094 1391 δὲ
1120 1349 1332 1401 πολλάκις
1360 1347 1595 1404 ἡττημένοι

376 1404 429 1446 15
454 1404 684 1460 Ῥωμαίοις
714 1404 970 1459 ἐνεχείριζον
998 1403 1079 1460 τὴν
1107 1403 1238 1448 πόλιν
1267 1406 1327 1456 εἰς
1357 1406 1575 1448 δουλείαν.

455 1478 545 1505 των
576 1461 621 1506 δὲ
646 1460 872 1530 Ρωμαίων
892 1463 1113 1529 μηδαμῶς
1136 1459 1250 1531 μηδ’
1288 1459 1404 1504 οὕτω
1433 1461 1735 1517 πειθομένων,

455 1517 566 1562 ἀλλὰ
591 1516 793 1588 γυμνούς
821 1533 929 1567 τους
959 1517 1170 1568 Σικελούς
1200 1516 1419 1587 λεγόντων
1449 1518 1627 1569 ἐξιέναι,

455 1573 479 1620 ὁ
510 1574 794 1629 Σπαρτιάτης
824 1572 1089 1625 Ξάνθιππος
1117 1573 1264 1617 ἐλθών
1294 1573 1383 1616 azad
1412 1578 1489 1646 τῆς
1514 1573 1728 1643 Σπάρτης

455 1631 540 1675 σὺν
570 1631 854 1685 στρατιώταις
884 1629 1063 1683 ἑκατόν,
1093 1629 1122 1685 ἢ
1151 1630 1285 1686 μόνος
1314 1629 1423 1674 καθ’
1458 1629 1648 1684 ἑτέρους,

370 1693 427 1733 20
456 1688 557 1732 κατ’
589 1687 751 1739 αλλους
781 1687 826 1732 δὲ
855 1687 1127 1744 πεντήκοντα
1154 1688 1259 1738 τοὺς
1272 1686 1555 1758 στρατιώτας
1585 1688 1718 1758 ἔχων,

453 1746 528 1790 καὶ
556 1743 822 1816 προςβαλων
851 1749 944 1795 τοῖς
973 1747 1199 1796 Σικελοῖς,
1233 1737 1363 1788 οὖσιν
1392 1743 1782 1815 ἐγκεκλεισμένοις,

454 1801 515 1846 δι’
549 1801 766 1872 ἑρμηνέως
795 1817 840 1844 τε
871 1800 1020 1851 αὐτοῖς
1048 1800 1189 1845 πολλά
1219 1800 1538 1870 συνομιλήσας,

452 1859 576 1911 τέλος
598 1857 824 1930 θαρῤύνει
851 1856 951 1902 κατ’
981 1857 1183 1913 ἐχθρωνῑ
1211 1858 1286 1900 καὶ
1316 1856 1567 1912 συναράξας
1593 1856 1709 1928 μάχῃ
1953 1868 1956 1896 1

456 1915 573 1965 ἅπαν
598 1914 838 1987 Ρωμαίων
854 1913 1103 1984 στράτευμα
1135 1912 1218 1957 σὺν
1246 1913 1420 1966 τούτοις
1449 1914 1725 1959 κατακόπτει.
1952 1926 1963 1975 μ

372 1973 427 2017 25
457 1978 551 2024 τοῖς
575 1970 937 2044 εὐηργετημένοις
968 1971 1015 2015 δὲ
1041 1971 1123 2027 τὴν
1151 1969 1344 2041 ἀμοιβὴν
1367 1969 1581 2028 λαμβάνει
1951 1979 1954 2008 ⁵

455 2028 582 2081 ἀξίαν
611 2030 685 2073 καὶ
714 2028 987 2097 κατάλληλον
1015 2032 1091 2084 τῆς
1119 2026 1292 2071 τούτων
1322 2029 1596 2082 δυςτροπίας.

454 2088 595 2158 πλοίῳ
626 2090 782 2141 σαθρῷ
812 2084 894 2129 τόν
919 2083 1063 2137 ἄνδρα
1090 2083 1188 2155 γάρ
1206 2086 1252 2128 οἱ
1278 2085 1430 2157 μιαροὶ
1459 2084 1669 2139 βαλόντες

454 2142 543 2187 ὑπὸ
576 2147 791 2199 στροφαῖς
819 2143 1052 2212 βυθίζουσι
1081 2140 1257 2196 πελάγει
1286 2145 1367 2184 τοῦ
1379 2139 1569 2211 Ἀδρίου

455 2200 752 2257 βασκηναντες
780 2215 859 2242 τον
888 2214 1012 2255 ηρωα
1046 2198 1118 2241 καὶ
1147 2198 1308 2241 τούτου
1339 2196 1389 2240 τὸ
1419 2203 1636 2252 γενναῖον.

370 2260 426 2301 30
455 2261 531 2328 τῆς
562 2259 756 2311 ἱστορίας
787 2255 999 2326 μέμνηται
1022 2256 1152 2310 τῆςδε
1180 2255 1254 2299 καὶ
1282 2257 1359 2310 τῆς
1382 2252 1628 2311 Ῥηγαύλου

453 2313 477 2357 ὁ
509 2313 692 2364 Σικελὸς
717 2312 959 2364 Διόδωρος.

565 2372 747 2413 ΤΖείΖεε
779 2368 993 2413 Cl1il.111.
1036 2371 1132 2413 856.
1163 2383 1194 2408 ε.
1253 2367 1383 2413 Conf-
1423 2367 1534 2409 Exc.
1575 2368 1762 2411 Hoesch.
1799 2385 1844 2428 p.

452 2431 548 2473 504.
594 2428 648 2469 de
679 2427 789 2468 Virt.
822 2434 863 2467 et
894 2426 980 2467 Vit.
1011 2439 1055 2482 p.
1087 2428 1183 2470 563.
1217 2425 1322 2473 3Vat.
1354 2440 1399 2482 Ρ.
1429 2428 1501 2470 66.
1531 2429 1600 2471 57.

1049 2502 1248 2546 XLVIII.

565 2571 662 2616 Ἐπὶ
700 2575 918 2616 τοσοῦτον
946 2568 974 2627 ἡ
1009 2574 1143 2626 νῆσος
1183 2571 1426 2625 (Sardinia)
1466 2569 1754 2642 διωνομάσθη
1789 2575 1844 2629 τῇ

453 2633 542 2674 τῶν
571 2633 754 2684 καρπῶν
785 2627 984 2686 ἀφθονία
1007 2627 1111 2678 ω’ςτε
1135 2628 1472 2699 Καρχηδονίους
1499 2628 1688 2682 ὕστερον
1716 2626 1844 2683 αὐξη-

453 2687 615 2738 θέντας
641 2687 926 2755 ἐπιθυμῆσαι
939 2689 1015 2739 τῆς
1044 2683 1209 2754 νήσου,
1248 2684 1321 2727 καὶ
1350 2684 1546 2736 πολλους
1570 2683 1744 2739 ἀγῶνας
1769 2685 1842 2728 καὶ

453 2742 696 2794 κινδύνους
724 2742 837 2795 ὑπὲρ
870 2740 1005 2797 αὐτῆς
1035 2739 1342 2791 ἀναδέξασθαι.
1375 2741 1482 2784 ἀλλὰ
1513 2743 1613 2798 περὶ
1639 2741 1720 2799 μὲν
1747 2740 1844 2785 τού-

397 2801 426 2844 5
454 2817 543 2846 των
572 2800 620 2844 ἐν
648 2804 740 2852 τοῖς
770 2801 948 2848 οἰκείοις
977 2797 1155 2854 χρόνοις
1186 2795 1512 2856 ἀναγράψομεν

568 2858 791 2900 Diodorus
810 2858 883 2900 IV.
916 2861 984 2900 29
