1968 3346
379 249 463 288 180
692 239 1123 285 FRAGMENTA
1163 240 1211 281 L.
1241 239 1312 282 v1.
1327 239 1444 282 -Χ,

383 355 460 407 τὰς
489 352 774 425 γεγενημένας
798 351 846 396 έν
870 355 964 424 τοῖς
990 350 1325 422 γνωριζομένοις
1352 349 1501 421 μέρεσι
1518 350 1596 406 τῆς
1626 351 1771 394 οἰκου-

300 418 356 458 30
385 409 662 524 μῑέιὲἰνιῗχρέ
672 408 788 466 πρός
807 407 886 453 τόν
908 410 1112 453 ἐνιαυτὸν
1140 409 1218 452 τόν
1236 408 1322 463 πρὸ
1352 411 1428 464 τῆς
1454 406 1771 464 Ἀγαθοκλέους

498 525 724 567 Βὶοάοιιιε
748 521 873 565 XIX.
907 529 944 567 1.
975 522 1091 564 conf.
1122 521 1224 562 XX.
1255 528 1294 566 2.

506 582 596 636 Τὴν
624 578 762 636 ἀρχὴν
790 582 871 622 τοῦ
894 581 1114 624 Κελτικοῦ
1135 576 1356 633 πολέμου,
1389 575 1445 634 ἣν
1475 575 1678 632 τελευτήν
1703 591 1774 621 πε-

390 637 610 695 ποιήμεθα
637 642 713 693 τῆς
742 637 948 690 ἱστορίας

499 695 725 737 Diodorus
754 693 856 738 1.5.

502 752 579 793 His
610 749 741 792 omisi
770 750 927 792 addela
956 748 1076 790 locos
1094 746 1297 803 Euagrii,
1329 747 1498 800 Photii,
1529 748 1688 789 Suidae
1709 747 1775 790 vel

305 813 361 857 35
391 808 620 859 Eudociae‚
651 808 765 849 inter
785 806 1038 848 testimonia
1062 802 1284 860 (Annotat.
1315 804 1403 847 vol.
1422 804 1476 846 Il.
1503 805 1534 846 A
1545 805 1705 861 ppend
1730 821 1776 862 p.

388 864 636 915 CXXXII.)
674 864 870 927 positos,
907 861 985 919 qui
1024 867 1099 904 aut
1127 868 1338 919 lepetunt
1366 860 1475 904 haec
1513 869 1590 904 aut
1627 862 1779 904 (ficunt

389 922 510 980 quod
538 934 619 980 per
647 935 693 963 se
721 919 994 977 intelligitur

1059 1054 1115 1097 ΙΙ.

509 1145 620 1201 Περι
648 1148 769 1190 θεῶν
797 1146 949 1190 τοίνυν
969 1144 1115 1196 διττάς
1144 1146 1189 1189 οἱ
1215 1144 1399 1189 παλαιοὶ
1414 1148 1503 1188 τῶν
1526 1142 1851 1198 ἀνθρωπωνὸδό

395 1208 488 1254 τοῖς
517 1203 890 1272 μεταγενεστέροις
928 1202 1172 1247 δεδώκασιν
1207 1203 1404 1252 ἐννοίας·
1446 1202 1549 1253 τοὺς
1580 1203 1680 1272 μὲν
1697 1201 1782 1257 γὰρ

341 1260 368 1304 5
399 1261 571 1311 ἀϊδίους
599 1262 672 1304 καὶ
703 1259 963 1329 ἀφθάρτους
992 1257 1107 1303 εἷναί
1136 1272 1294 1315 φασιν,
1333 1264 1431 1329 οἱον
1460 1259 1583 1315 ἥλιον
1613 1258 1687 1302 καὶ
1716 1269 1785 1301 σε-

400 1318 539 1387 ληνην
577 1318 654 1361 καὶ
691 1318 745 1359 τὰ
782 1315 893 1360 ἄλλα
930 1316 983 1360 τὰ
1011 1313 1112 1360 κατ’
1153 1316 1351 1372 ου’ρανόν
1388 1315 1548 1371 ἄστρα,
1590 1314 1701 1369 πρὸς
1739 1313 1786 1357 δὲ

399 1373 576 1424 τούτοις
614 1373 803 1428 ἀνέμους
840 1373 914 1417 καὶ
946 1373 1052 1424 τούς
1081 1372 1242 1424 ἄλλους
1270 1389 1376 1424 τους
1411 1377 1486 1428 τῆς
1516 1373 1670 1442 ὁμοίας
1704 1370 1787 1425 φύ-

401 1444 510 1482 σεως
547 1430 718 1481 τούτοις
758 1428 1031 1498 τετευχότας·
1079 1430 1250 1473 τούτων
1290 1429 1376 1485 γὰρ
1417 1430 1602 1473 ἕκαστον
1643 1427 1788 1472 ἀίδιον

401 1488 512 1544 ἔχειν
541 1486 622 1542 τὴν
649 1487 821 1556 γένεσιν
849 1487 923 1530 καὶ
950 1485 1030 1554 τήν
1060 1485 1291 1542 διαμονήν.
1322 1486 1496 1542 ἑτέρους
1520 1487 1563 1530 δὲ
1585 1486 1789 1541 λέγουσιν

319 1547 372 1588 10
402 1545 619 1615 ἐπιγείους
656 1542 862 1613 γενέσθαι
901 1542 1059 1595 θεούς,
1109 1543 1181 1586 διὰ
1223 1544 1268 1587 δὲ
1307 1544 1385 1594 τάς
1422 1546 1481 1594 εἰς
1519 1541 1790 1602 ἀνθρώπους

400 1600 648 1656 εὐεργεσίας
677 1599 908 1643 ἀθανάτου
937 1599 1223 1671 τετυχηκότας
1250 1604 1374 1657 τιμῆς
1403 1617 1476 1643 και
1503 1600 1657 1670 δόξης,
1693 1602 1791 1641 οἱον

395 1657 638 1726 Ηρακλέα,
667 1656 914 1710 Διόνυσον,
953 1655 1222 1712 Ἀρισταῖον,
1256 1658 1329 1700 καὶ
1358 1674 1465 1709 τους
1495 1656 1657 1708 ἄλλους
1685 1654 1791 1705 τούς

399 1712 634 1765 τοιούτους
671 1712 847 1771 ὁμοίως.
884 1714 984 1769 περὶ
1025 1714 1071 1758 δὲ
1108 1718 1196 1757 τῶν
1238 1714 1438 1784 ἐπιγείων
1478 1718 1596 1757 θεῶν
1635 1712 1792 1756 πολλοὶ

402 1772 478 1816 καὶ
515 1772 710 1815 ποικίλοι
748 1770 1071 1826 παραδέδονται
1107 1769 1233 1827 λόγοι
1267 1770 1415 1827 παρὰ
1430 1776 1522 1822 τοῖς
1551 1773 1791 1822 ἱστορικοῖς

320 1828 375 1872 15
403 1845 448 1873 τε
478 1828 553 1871 καὶ
582 1827 915 1897 μυθογράφοις·
955 1828 1029 1870 καὶ
1057 1831 1146 1871 τῶν
1183 1829 1262 1898 μὲν
1292 1831 1528 1880 ἱστορικῶν
1555 1826 1792 1895 Εὐήμερος

404 1886 429 1929 ὁ
468 1884 549 1941 τήν
589 1885 711 1938 ἱερὰν
755 1883 1018 1956 ἀναγραφὴν
1058 1884 1356 1957 ποιησάμενος
1395 1887 1517 1935 ἰδίως
1558 1883 1790 1953 ἀνέγραψε,

403 1945 493 1985 τῶν
515 1942 561 1985 δὲ
577 1940 873 1998 μυθολόγων
873 1942 1058 1997 Όμηρος
1086 1943 1160 1985 καὶ
1185 1942 1387 1993 Ησίοδος
1404 1942 1477 1985 καὶ
1500 1940 1692 1996 Ὀρφεὺς
1721 1939 1795 1983 καὶ

405 1999 546 2068 ἕτεροι
585 2002 784 2042 τοιοῦτοι
812 1997 1208 2069 τερατωδέστέρους
1245 1999 1423 2054 μύθους
1453 1999 1551 2053 περὶ,
1579 2002 1697 2041 θεῶν
1724 2012 1796 2040 πε-

321 2062 379 2104 20
407 2055 640 2100 πλάκασιν.
680 2054 801 2111 ἡμεῖς
833 2055 879 2097 δὲ
909 2054 963 2098 τά
991 2053 1099 2108 παρ’
1136 2055 1402 2111 ἀμφοτέροις
1432 2053 1795 2124 ἀναγεγραμμένα

407 2111 720 2181 πειρασόμεθα
740 2110 966 2166 συντόμως
993 2111 1245 2169 ἐπιδραμεῖν
1266 2111 1574 2182 στοχαζόμενοι
1595 2116 1669 2168 τῆς
1688 2122 1795 2166 συμ-

408 2169 596 2225 μετρίας.
653 2167 885 2238 Εὐημέρος
922 2184 1001 2223 μεν
1039 2170 1146 2222 οὐν,
1196 2170 1325 2224 φίλος
1363 2186 1554 2239 γεγονως
1594 2167 1797 2211 Κασσάν-

409 2229 521 2280 δρου
552 2223 764 2279 βασιλέως
799 2225 873 2268 καὶ
903 2225 977 2268 διά
1004 2229 1167 2268 τοῦτον
1193 2225 1524 2281 ἠναγκασμένος
1553 2229 1688 2269 τελεῖν
1719 2227 1797 2280 βα

409 2281 577 2332 σιλικάς
605 2298 728 2332 τινας
757 2283 872 2336 χείας
899 2282 973 2324 καὶ
1001 2280 1190 2336 μεγαλας
1219 2282 1486 2338 ἀποδημίας,
1519 2283 1654 2353 φησὶν
1681 2281 1798 2325 ἐκτο-

324 2340 381 2383 25
411 2342 624 2394 πισθῆναι
651 2338 762 2381 κατὰ
784 2355 866 2392 την
887 2341 1160 2406 μεσημβρίαν
1181 2341 1240 2390 εἰς
1261 2340 1338 2383 τὸν
1361 2339 1588 2383 Ὠκεανόν
1623 2336 1797 2381 ἐκπλεύ-

409 2407 546 2438 σαντα
573 2395 617 2438 δὲ
649 2393 787 2437 αὐτὸν
817 2395 862 2437 ἐκ
898 2400 974 2450 τῆς
1004 2394 1267 2450 εὐδαίμονος
1280 2395 1495 2466 Ἀραβίας
1524 2395 1797 2451 ποιήσασθαι

407 2451 488 2495 τὸν
525 2455 669 2495 πλοῦν
707 2449 766 2494 δι’
791 2448 1010 2495 Ὠκεανοῦ
1051 2455 1229 2503 πλείους
1265 2452 1451 2523 ημέρας,
1490 2453 1563 2495 καὶ
1602 2466 1799 2522 προςενε-

407 2512 571 2564 χθηναι
607 2506 766 2577 νήσοις
798 2510 1041 2563 πελαγίαις,
1083 2511 1147 2551 ὡν
1175 2511 1280 2563 μίαν
1316 2509 1543 2580 ὑπερέχειν
1580 2508 1661 2564 τὴν
1701 2506 1798 2551 ὀνο-

412 2565 661 2620 μαζομένην
693 2563 942 2618 Πάγχαιαν,
981 2565 1029 2608 έν
1059 2582 1086 2621 η
1116 2570 1355 2610 τεθεᾶσθαι
1384 2567 1488 2616 τοὺς
1518 2566 1799 2614 ἐνοικοῦντας

327 2621 384 2662 30
413 2623 666 2677 Παγχαίους
694 2620 888 2677 εὐσεβεία
918 2621 1212 2677 διαφέροντας
1241 2624 1313 2666 καὶ
1343 2624 1447 2674 τοὺς
1475 2623 1609 2672 θεοὺς
1641 2624 1798 2690 τιμῶν-

412 2694 491 2728 τας
521 2677 997 2746 μεγαλοπρεπεστάταις
1033 2681 1214 2729 θυσίαις
1253 2681 1326 2722 καὶ
1365 2679 1647 2735 ἀναθήμασιν
1684 2676 1799 2729 ἀξιο-

412 2732 561 2789 λόγοις
591 2732 799 2789 ἀργυροῖς
828 2750 871 2777 τε
893 2735 967 2777 καὶ
989 2740 1180 2789 χρυσοῖς.
1212 2733 1325 2780 εἶναι
1345 2738 1391 2780 δὲ
1413 2736 1492 2805 τὴν
1515 2747 1653 2804 νησον
1675 2733 1799 2788 ἱερὰν

409 2794 552 2844 θεῶν,
583 2791 657 2834 καὶ
678 2790 803 2845 ἕτερα
825 2793 958 2834 πλείω
979 2791 1293 2848 θαυμαζόμενα
1319 2792 1429 2837 κατά
1453 2809 1496 2836 τε
1518 2793 1598 2847 τήν
1623 2789 1796 2849 ἀρχαιό-

325 2846 382 2890 35
411 2863 517 2904 τητα
553 2847 628 2891 καὶ
657 2846 736 2903 τὴν
773 2851 849 2904 τῆς
878 2860 1148 2905 κατασκευης
1183 2852 1486 2907 πολυτεχνίαν,
1523 2848 1621 2904 περὶ
1651 2852 1714 2892 ὠν
1742 2846 1795 2890 τὰ
