1968 3346
356 263 441 304 182
689 257 1115 300 FRAGMENTA
1152 259 1201 298 L.
1231 256 1415 299 V1.—x

276 378 331 419 80
360 371 432 440 καὶ
473 367 707 426 ὀνομάτων
739 369 1034 426 προςηγορίας
1073 368 1302 425 ἐσχηκέναι
1338 367 1415 413 καὶ
1449 366 1751 426 κρατήσαντας

357 444 536 538 χωραῖςο.
567 493 726 538 Malala
757 493 1005 551 Chronogr.
1041 509 1079 551 p.
1107 498 1178 539 64.

1022 628 1099 672 IV.

280 741 335 786 85
475 729 707 788 Διόδωρος
737 731 783 776 δὲ
814 730 950 794 λέγει
961 747 1073 776 κατα
1101 729 1298 787 μυθικὴν
1336 731 1538 785 ἱστορίαν
1565 731 1754 783 Ξάνθον

363 789 439 834 καὶ
477 791 643 833 Βαλίον
687 792 873 840 Τιτᾶνας
911 787 1023 833 εἶναι
1061 788 1302 859 πρότερον,
1345 792 1567 857 βοηθῆσαι
1603 791 1651 833 δὲ
1690 795 1753 848 τῷ

363 847 460 898 Διί,
500 846 686 897 Ξάνθον
714 847 792 901 μὲν
825 848 1108 896 Ποσειδῶνος
1137 844 1312 899 ἑταῖρον
1338 844 1469 899 ὄντα,
1517 849 1676 890 Βαλίον
1706 850 1754 892 δὲ

363 902 486 954 Διός.
528 905 603 947 καὶ
633 904 680 947 ἐν
708 920 761 960 τη
791 901 906 960 μάχη
938 902 1122 955 αξιῶσαι
1150 902 1420 972 μεταθέσθαι
1449 902 1529 958 τὴν
1559 921 1752 972 μορφην,

277 971 334 1011 90
364 964 436 1003 οἱα
465 961 757 1015 αἰδουμένους
786 960 990 1031 69’a66at
1020 958 1108 1003 ὑπὸ
1145 963 1235 1002 τῶν
1257 957 1503 1030 ὁμογενῶν
1539 961 1751 1014 Τιτάνων,

363 1018 438 1061 καὶ
462 1017 667 1072 γενέσθαι
685 1018 767 1073 τήν
789 1017 937 1061 αὐτῶν
964 1015 1165 1068 αξίωσιν·
1196 1015 1271 1058 καὶ
1302 1021 1414 1060 εἰναι
1432 1016 1619 1068 τούτους
1647 1035 1753 1070 τους

361 1078 424 1130 τῷ
448 1078 605 1147 Πηλεῖ
643 1074 870 1126 δοθέντας.
924 1072 993 1118 διό
1026 1086 1136 1131 φησι
1173 1073 1248 1118 καὶ
1281 1072 1460 1126 ,Ξάνθος
1495 1074 1754 1131 μαντεύεται

361 1134 424 1190 τῷ
448 1128 628 1187 Ἀχιλλεῖ
655 1132 734 1175 τὸν
761 1131 973 1176 θάνατον.

476 1199 733 1244 Eustathius
764 1201 817 1243 ad
846 1201 896 1243 Il.
923 1203 971 1243 T.
1001 1215 1045 1258 p
1074 1203 1197 1246 1190.

1030 1322 1085 1367 V.

275 1435 331 1480 95
474 1425 725 1469 Saturnum
753 1425 1034 1484 Pherecydes
1064 1433 1173 1469 ante
1202 1439 1355 1467 omnes
1387 1422 1531 1482 refert
1560 1440 1822 1475 corona-635

359 1490 479 1534 tum,
509 1484 668 1525 Iouem
691 1483 926 1525 Diodorus
948 1491 1057 1540 post
1087 1483 1286 1525 devictos
1314 1483 1511 1524 Titanas
1540 1483 1621 1524 Ῐιοο
1651 1499 1753 1524 mn-

359 1556 466 1582 nere
504 1557 534 1583 a
572 1541 758 1582 caeteris
795 1540 1099 1582 honoratum.-
1149 1538 1231 1580 dat
1268 1546 1311 1580 et
1353 1539 1531 1595 Priapo
1570 1541 1750 1582 taenias

358 1597 482 1638 idem
510 1605 553 1639 et
577 1597 823 1640 Ariadnae
859 1605 1026 1639 sertum
1055 1613 1107 1638 ex
1141 1610 1254 1637 auro
1285 1601 1326 1637 et
1353 1596 1528 1637 Indicis
1553 1598 1751 1653 gemmis

365 1653 570 1696 Vulcani
599 1670 730 1710 opus
762 1653 923 1696 Liberi
952 1668 1112 1695 munus
1143 1668 1197 1694 ιιο
1215 1659 1377 1706 postea
1396 1653 1535 1694 sidus.

250 1730 333 1772 100
477 1711 780 1752 Teltullianus
813 1710 865 1751 de
897 1710 1074 1751 Corona
1104 1708 1293 1752 vol.1V.
1323 1724 1367 1765 p
1389 1711 1485 1753 347
1519 1708 1583 1751 ed.
1613 1708 1750 1751 Seml.

361 1767 687 1810 Admirandum
717 1782 847 1818 vero,
878 1766 914 1808 si
933 1766 1117 1809 Diodori
1148 1765 1253 1808 haec
1281 1772 1410 1819 sunt,
1440 1765 1504 1808 nil
1528 1767 1587 1809 eis
1609 1766 1752 1809 simile

359 1825 551 1882 repemi
580 1823 654 1866 III.
685 1829 752 1868 61.
782 1799 856 1865 IV’.
888 1828 928 1867 6.
960 1829 1029 1869 61.
1059 1824 1110 1865 V.
1141 1825 1209 1869 51·

1018 1945 1092 1989 VI.

302 2062 329 2106 5
471 2049 693 2105 Κατὲσχεν
730 2043 814 2094 οὖν
848 2047 876 2105 ἡ
914 2049 1115 2105 βασιλεία
1154 2045 1252 2105 ἤτοι
1288 2049 1504 2104 τοπαρχία
1543 2065 1634 2092 των
1658 2045 1751 2103 Ἀρ-

356 2107 487 2177 γείων
515 2108 587 2164 ἔτη
618 2104 748 2164 φμθᾏ
778 2104 927 2157 καθώς
957 2106 1030 2149 καὶ
1049 2103 1282 2162 Διόδωρος
1304 2105 1328 2150 ὁ
1349 2106 1606 2163 σοφώτατος
1628 2117 1752 2150 συνε-

352 2163 568 2220 γράψατο.

466 2232 531 2274 Io.
566 2231 726 2276 Malala
757 2230 924 2274 Chron.
958 2246 1005 2289 p.
1036 2234 1107 2277 83.

998 2365 1096 2409 VII.

475 2467 534 2538 T6
564 2472 815 2512 τελευταῖον
843 2472 1027 2518 πολλαῖς
1055 2471 1224 2523 γενεαῖς
1251 2466 1440 2521 ὕστερον
1469 2468 1517 2512 ἐκ
1545 2471 1621 2525 τῆς
1645 2465 1749 2511 ’Ita-

359 2524 455 2575 λίας
482 2525 532 2567 τὸ
561 2530 650 2568 τῶν
671 2529 868 2569 Σικελῶν
897 2526 1029 2575 ἔθνος
1055 2525 1269 2595 πανδημεὶ
1298 2526 1549 2580 περαιωθεν
1579 2527 1639 2576 είς
1650 2541 1749 2592 την

357 2583 570 2624 Σικελίαν
609 2599 699 2652 την,
738 2582 823 2625 ὑπὸ
871 2586 962 2624 τῶν
1003 2585 1210 2624 Σικανῶν
1253 2580 1560 2651 ἐκλειφθεῖσαν
1598 2580 1748 2637 χώραν

357 2638 629 2695 κατῴκησαν.
671 2638 738 2682 αεὶ
768 2639 814 2682 δὲ
843 2654 895 2694 τῃ
926 2639 1159 2705 πλεονεξίᾳ
1180 2638 1517 2694 προβαινόντων
1545 2643 1634 2682 τῶν
1663 2641 1748 2681 Σι-

273 2702 301 2747 5
358 2699 520 2746 κελῶν,
558 2696 632 2739 καὶ
661 2711 743 2765 την
779 2694 948 2749 ὅμορον
983 2693 1297 2750 πορθούντων,
1336 2695 1535 2766 ἐγένοντο
1564 2693 1749 2750 πόλεμοι

356 2752 614 2803 πλεονακις
631 2751 784 2802 αὐτοῖς
821 2753 933 2806 πρὸς
973 2751 1077 2802 τοὺς
1107 2750 1352 2803 Σικανούς,
1400 2751 1482 2803 ε’ως
1521 2752 1748 2808 συνθήκας

354 2809 646 2878 ποιησαμενοι
676 2808 947 2864 συμφώνους
987 2807 1123 2860 ὅρους
1153 2807 1303 2851 ἔθεντο
1331 2812 1407 2864 τῆς
1432 2807 1605 2880 χώρας·
1645 2809 1748 2863 περὶ

355 2866 421 2908 ῶν
449 2864 503 2909 τὰ
532 2882 644 2910 κατα
673 2866 805 2923 μέρος
834 2882 882 2910 εν
904 2869 996 2918 τοῖς
1019 2866 1197 2917 οἰκείοις
1216 2864 1394 2922 χρόνοις
1419 2864 1746 2923 ἀναγράψομεν.
