1968 3346
51 862 59 1129 ἔ

515 232 937 278 FRAGMENTA
973 232 1248 275 L.V1.—-x.
1491 236 1576 277 185

187 363 301 421 μων,
330 346 380 400 ὃς
397 340 563 404 ἦρξεν’
548 347 636 417 ε’τη
638 345 713 396 ις’.
743 322 849 402 μετα
877 345 1038 388 τοῦτον
1068 345 1272 414 κατέσχεν
1295 341 1578 400 Ἀλέξανδρος

187 406 276 475 ἔτη
296 404 371 449 κε’.
410 407 570 448 τοῦτον
611 401 777 447 ἀνελὼν
821 400 1027 472 Τελέστης
1060 400 1084 446 ὁ
1122 402 1350 472 στερηθεὶς
1386 406 1462 457 τῆς
1497 418 1578 445 πα-

186 461 337 532 τρςόας
361 459 494 517 ἀρχῆς
522 455 650 516 ἦρξεν
682 459 753 528 ἔτη
787 458 855 514 ιβ’
895 456 1059 501 τούτου
1091 456 1133 501 6’
1173 458 1261 502 ὑπὸ
1298 475 1389 501 των
1428 471 1577 530 συγγε-

187 523 280 562 νῶν
310 516 618 572 ἀναιρεθέντος
648 514 901 570 Αὐτομένης
930 515 1009 569 μὲν
1039 509 1166 583 ἧρξεν
1196 515 1501 568 ἐνιαυτόν,οῑ
1530 514 1573 559 δ’

187 574 274 619 ἀπὸ
295 573 561 644 Ἡρακλέους
590 574 801 644 Βακχίδαι
829 573 1005 621 πλείους
1038 570 1160 622 ὄντες
1193 573 1428 614 διακοσίων
1457 572 1575 615 κατέ·
1604 570 1660 613 40

187 644 294 688 σχον
321 647 402 687 την
431 629 594 701 ἄρχήνξ
635 630 707 672 καὶ
736 632 864 682 κοινῇ
895 629 974 683 μὲν
1003 627 1364 698 προειστήκεισαν
1394 632 1470 698 τῆς
1498 629 1576 672 πό-

187 693 295 739 λεως
324 688 530 739 ἅπαντες,
568 685 612 738 ἐξ
646 684 792 728 αὐτῶν
822 684 869 728 65
898 685 976 727 ε’να
1015 682 1113 728 κατ’
1144 684 1349 728 ἐνιαυτόν
1380 683 1575 757 ηροῦντο

187 744 430 799 πρύτανιν,
471 742 519 794 ὃς
546 743 626 798 την
664 746 744 785 τοῦ
783 741 992 798 βασιλέως
1031 738 1144 799 εἶχε
1152 740 1297 794 τάξιν,
1335 740 1405 783 ἐπὶ
1435 742 1506 799 ἔτη
1541 742 1572 784 ’τ’

62 819 65 849 j
119 802 312 860 636μέχρι
339 818 390 856 τη
397 817 418 851 ς
444 799 655 850 Κυψέλου
683 800 967 853 τυραννίδος,
997 797 1084 854 υφ’
1114 800 1167 853 ἦς
1195 798 1515 854 κατελύθησαν.
1604 795 1660 840 45

302 858 356 903 G.
377 857 606 916 Syneellus
638 856 805 900 Chron.
840 871 886 915 p.
912 860 1008 901 179
1041 864 1083 898 et
1112 856 1326 900 Eusebius
1356 871 1400 915 p.
1429 861 1521 902 163.
1541 872 1573 898 s.

814 978 938 1024 XIII.

293 1082 479 1157 Ἐκλήθη
515 1079 807 1139 Μουνύχιον,
849 1098 910 1133 ως
945 1091 1086 1153 φησιν
1116 1073 1139 1126 6
1168 1079 1401 1138 Διόδωρος
1437 1098 1575 1138 παρα·
1604 1091 1660 1135 50

184 1138 337 1197 φέρων
368 1141 423 1185 τὰ
447 1141 728 1193 Ἑλλανίκου,
757 1139 897 1195 λέγων
926 1138 983 1190 ὡς
1014 1138 1083 1182 ότι
1116 1139 1284 1209 Θρᾷκές
1313 1156 1420 1184 ποτε
1450 1153 1576 1210 στρα-

181 1198 413 1250 νεύσαντες
450 1197 561 1242 κατὰ
600 1201 690 1240 τῶν
735 1196 981 1240 οἰκούντων
1019 1185 1282 1251 Ὀρχομενὸν
1321 1197 1403 1240 τὸν
1432 1196 1576 1241 Μινύ-

182 1270 277 1298 ειον
307 1259 383 1311 τῆς
410 1255 624 1305 Βοιωτίας
654 1252 887 1323 ἐξέβαλλον
929 1253 983 1309 (l.
1013 1252 1249 1325 ἐξέβαλον)
1277 1251 1440 1305 αὐτοὺς
1471 1255 1576 1298 ἐκεῖ-

181 1317 288 1354 θεν·
321 1314 365 1354 οἱ
386 1312 432 1356 65
453 1309 761 1364 ἐξαναστάντες
787 1313 929 1380 ὴλθον
947 1313 1005 1360 εἰς
1032 1308 1214 1365 Ἀθήνας
1233 1310 1303 1353 ἐπὶ
1322 1312 1574 1380 Μουνύχου
1602 1318 1660 1362 55

184 1367 406 1438 βασιλέως.
453 1367 476 1412 ὁ
509 1368 556 1411 65
584 1367 815 1423 ἐπέτρεψεν
843 1365 994 1417 αὐτοῖς
1024 1369 1195 1421 οἰκῆσαι
1224 1367 1303 1410 τὸν
1331 1367 1471 1411 τόπον
1499 1369 1579 1414 τόν

182 1424 282 1479 περὶ
309 1441 390 1481 την
411 1425 700 1479 Μουνυχίαν,
732 1424 847 1477 ὅςτις
876 1422 1172 1481 ἐπωνομάσθη
1204 1421 1316 1479 παρ’
1350 1424 1499 1469 αὐτῶν
1518 1429 1580 1481 εἰς

181 1481 314 1538 τιμὴν
344 1485 428 1525 τοῦ
459 1480 684 1538 βασιλέως.

296 1539 511 1597 leianus
543 1539 598 1583 ad
627 1537 856 1581 Demosth.
886 1552 984 1595 pro
1005 1553 1094 1581 cor.
1125 1553 1170 1597 p
1192 1542 1260 1583 73.
1294 1538 1340 1580 G.

812 1658 934 1705 XIV.

297 1764 920 1820 [Lacedaemoniorum
955 1778 1125 1820 reges
1158 1779 1182 1807 e
1210 1760 1471 1810 Diodori
1507 1767 1578 1812 li-

182 1822 340 1875 bris.]
386 1823 616 1877 Quoniam
645 1837 675 1863 a
707 1821 835 1862 rebus
863 1820 1079 1862 Troianis
1111 1836 1245 1877 usque
1277 1823 1343 1864 ad
1365 1825 1578 1880 primam

185 1879 507 1936 Οζγηιρὶαιίενη
530 1876 736 1935 difficilis
758 1885 1012 1932 temporum
1030 1879 1205 1919 notatio
1225 1886 1302 1929 est,
1324 1889 1577 1937 propterea

182 1936 300 1993 quod
327 1952 376 1978 eo
401 1935 642 1978 intervallo
660 1949 798 1990 neque
818 1933 1011 1976 Athenis
1031 1950 1170 1991 neque
1191 1935 1296 1977 aliis
1323 1938 1372 1978 in
1394 1938 1575 1981 urbibus

182 1993 327 2034 ammi
358 1993 557 2049 manistr
560 1999 658 2033 atus
677 1988 894 2047 fuerunt,
935 1990 1106 2033 idcirco
1136 2007 1218 2033 nos
1246 1992 1313 2034 ad
1339 2009 1443 2035 eam
1474 2011 1572 2038 rem
1632 1998 1661 2042 5

181 2056 355 2090 utemur
369 2025 844 2091 Lacedaemoniorum
867 2063 950 2104 reg
953 2047 1060 2088 ibus.
1105 2063 1135 2089 a
1159 2047 1327 2091 Troiae
1357 2052 1488 2093 exicio
1510 2053 1576 2094 ad

173 2106 381 2162 primam
407 2105 730 2162 Olympiadem
752 2104 873 2160 lapsi
889 2111 1009 2154 sunt,
1041 2104 1108 2145 uli
1125 2104 1412 2148 Atheniensis
1431 2108 1576 2165 Apol-

181 2162 365 2204 lodorus
392 2163 485 2214 ait,
528 2178 642 2205 anni
669 2168 766 2203 ocio
794 2167 837 2202 eb
862 2161 1213 2216 quadrinfrenti:
1250 2178 1437 2218 quorum
1462 2173 1578 2207 ocio·
1611 2214 1615 2218 .

176 2219 314 2275 ginta
341 2226 638 2261 numerantur
663 2232 795 2273 usque
821 2218 884 2259 ad
908 2216 1265 2260 Heraclidarum
1299 2219 1575 2276 descensum,

181 2275 340 2331 reliqui
360 2283 630 2333 occupantur
647 2290 676 2316 a
690 2274 1165 2316 Lacedaemoniorum
1182 2275 1375 2331 regibus,
1397 2277 1573 2331 Prode,
1607 2285 1660 2326 10

181 2331 227 2373 F
210 2347 311 2388 ην)
313 2332 452 2381 salmo,
500 2333 742 2388 horumque
767 2331 976 2387 posteri&
1036 2346 1119 2373 nos
1149 2347 1261 2374 vero
1284 2333 1487 2391 singulos
1523 2352 1577 2378 ex

181 2388 251 2428 liis
294 2386 496 2445 familiis
548 2403 669 2442 reges
707 2402 1054 2444 percenseamus
1095 2403 1228 2445 usque
1269 2390 1335 2431 ad
1371 2393 1580 2448 primam

186 2443 524 2501 Oiympiadem.
581 2444 858 2502 Eurystheus
896 2459 1090 2502 regnum
1131 2460 1312 2488 exorsus
1350 2456 1416 2491 est
1456 2465 1580 2492 anno

275 2577 311 2616 1.
335 2597 381 2603 —-
404 2577 438 2614 4.
482 2579 583 2612 Haec
614 2590 656 2612 ex
678 2578 825 2612 Diodori
856 2578 975 2622 potius
998 2579 1027 2613 Ι.
1052 2580 1085 2620 4,
1119 2581 1339 2626 descripsisse
1371 2583 1575 2626 Eusebium,

182 2635 291 2668 quam
315 2625 357 2657 de
380 2636 444 2658 suo
467 2625 622 2668 posuisse
645 2625 734 2658 nihil
758 2629 833 2658 erat
857 2637 920 2658 cur
943 2632 1094 2661 sumeret
1117 2628 1234 2661 Maius
1383 2629 1417 2662 8.
1443 2636 1517 2664 octo
1542 2635 1576 2668 et

184 2671 456 2724 quadringenti]
482 2670 597 2704 Codex
614 2683 701 2704 arm.
723 2672 837 2705 CCCV
839 2672 907 2712 111,
931 2674 1097 2707 mendosa
1120 2675 1291 2718 scriptura
1313 2680 1454 2718 propter
1476 2682 1578 2710 nota-

183 2728 263 2750 rum
287 2716 563 2751 similitudinem.
609 2717 778 2760 Superius
796 2721 911 2751 tamen
931 2729 1007 2761 cap.
1028 2721 1145 2753 XXXI
1169 2721 1370 2753 scribuntur
1384 2722 1576 2757 ccccvn.

186 2763 283 2796 MAI.
423 2763 479 2796 11.
515 2764 727 2807 Eurystheo]
763 2766 815 2797 lta
847 2763 968 2798 scribit
992 2766 1166 2800 Eusebius
1190 2767 1244 2799 his
1267 2767 1371 2800 etiam
1398 2767 1432 2801 in
1460 2774 1576 2812 poste-

187 2809 279 2842 riore
301 2809 405 2843 libro.
453 2808 523 2842 Sed
548 2809 782 2852 Eurysthenes
805 2808 932 2842 dicitur
954 2822 976 2843 a
1000 2812 1175 2846 Pausania
1195 2813 1324 2853 111.1‚
1356 2814 1447 2856 apud
1472 2826 1578 2857 quem

187 2855 407 2900 geminorum
427 2854 578 2890 fratrum
595 2855 732 2890 Proelia
748 2860 783 2890 et
800 2856 1028 2903 EurysthenIS
1051 2858 1199 2894 historia
1219 2859 1371 2904 legenda
1392 2861 1577 2896 est.MA1.
