1968 3346
490 192 576 233 160
601 185 903 232 EXCERPTA
922 184 996 228 DE
1021 185 1171 229 VIRT.
1199 187 1276 229 ΕΤ
1307 186 1417 230 VIT.
1446 188 1494 231 L.
1514 184 1727 233 XXXVII.
1731 216 1765 222 -
1786 191 1877 236 XL.

487 303 565 357 τῆς
594 298 770 370 φύσεως
799 295 1010 371 ἀνάγκης·
1054 297 1134 343 τόν
1164 297 1211 343 δὲ
1239 297 1287 343 ἐν
1312 297 1441 343 νυκτὶ
1468 298 1610 345 πόνον
1638 304 1943 357 παρεδίδουὸῙὸ

407 362 460 407 15
489 359 570 413 την
599 353 700 412 μεθ’
729 354 900 425 ἡμέραν
929 355 1188 426 ἐπιμέλειαν,
1219 354 1513 425 ἐπαγρυπνεῖν
1541 363 1634 431 τοῖς
1661 363 1737 415 τῆς
1756 372 1880 415 στρα-

489 415 640 485 τηγίας
656 411 928 468 ἐντεύγμασι.
961 412 1035 457 διὰ
1052 413 1099 456 δὲ
1116 416 1191 468 τῆς
1208 412 1433 482 συνήθους
1448 417 1538 457 τῶν
1550 413 1745 458 ἀπίστων
1760 417 1881 472 μελέ-

488 489 566 527 της
595 469 803 541 ἀθλητής
819 469 986 524 ἐγένετο
1015 472 1103 513 τῶν
1120 469 1231 513 κατὰ
1245 469 1444 539 πόλεμον
1474 469 1672 526 ἀγώνων.
1702 489 1881 542 τοιγαρ-

490 534 577 574 ουν
608 526 696 599 ὅσῳ
725 525 871 598 χρόνῳ
900 543 965 578 τις
995 526 1172 580 ε’τοιμον
1203 524 1285 570 οὐκ
1305 525 1360 570 ἂν
1378 527 1593 597 παρέλαβε
1623 528 1882 599 στράτευμα,

402 594 459 633 20
487 584 603 631 πολύ
633 572 785 640 τάχιον
815 578 946 634 οὗτος
976 583 1232 634 συνελέξατο
1268 583 1342 627 καὶ
1372 582 1573 637 διατάξας
1610 585 1877 631 καθώπλισε.

480 644 899 717 προςαγγελθεισῶν
936 639 983 684 δὲ
1020 644 1110 683 τῶν
1147 639 1247 710 περὶ
1289 637 1426 684 αὐτόν
1463 641 1666 695 πράξεων
1707 645 1768 694 εἰς
1799 642 1881 714 τὴν

480 699 678 756 Ῥώμην,
717 697 906 749 ἅπαντες
946 694 1001 740 ού
1037 696 1129 767 τήν
1163 694 1324 752 ἀρετὴν
1355 696 1465 741 ἀλλά
1493 699 1574 755 τήν
1587 697 1777 769 ἡλικίαν
1806 698 1883 744 αύ-

487 761 569 802 τοῦ
597 752 872 810 λογιζόμενοι
902 752 994 798 κατ’
1024 752 1155 809 ἀρχάς
1178 753 1532 825 κατεφρόνησαν,
1565 755 1624 806 ὥς
1641 760 1731 799 τῶν
1749 772 1883 827 προς-

488 813 785 885 αγγελλόντων
822 814 959 863 κενῶς
1001 810 1055 854 τὰ
1092 809 1192 865 περὶ
1235 810 1374 854 αὐτὸν
1407 812 1775 881 τραγῳδούντων·
1821 813 1882 866 ὥς

401 875 458 919 25
489 872 533 916 6'
564 870 592 927 ἡ
623 867 973 938 προςηγγελμένη
1003 865 1126 924 φήμη
1158 865 1231 910 διοὶ
1261 883 1350 910 των
1387 865 1752 940 ἀποτελεσμάτων
1782 869 1882 927 ἀλη-

486 929 573 985 θὴς
602 926 766 999 ἐφάνη,
799 924 824 982 ἦ
858 925 1097 983 σύγκλητος
1127 924 1363 981 ἐξέπεμψεν
1387 921 1602 981 Ἰούνιον,
1632 925 1686 971 ὃν
1714 929 1882 985 τρεψά-

487 1001 619 1057 μενος
647 984 828 1039 ἐνίκησε.

588 1041 688 1085 Ὀτι
717 1037 1088 1110 καταλειφθέντος
1117 1041 1201 1082 τοῦ
1229 1039 1487 1092 Σκιπίωνος
1511 1037 1667 1111 μόνου
1694 1058 1807 1113 μετα
1830 1039 1881 1086 τὸ

401 1105 459 1146 30
489 1102 797 1171 διαφθαρῆναι
831 1097 1020 1152 χρήμασι
1064 1096 1139 1140 καὶ
1178 1094 1422 1165 ἀποστῆναι
1459 1096 1629 1150 πάντας
1669 1100 1743 1143 καὶ
1783 1097 1882 1143 ἀπε-

484 1155 709 1228 γνωκότος
737 1169 817 1210 την
837 1154 1070 1209 σωτηρίαν,
1103 1152 1127 1197 ὁ
1147 1152 1322 1205 Σύλλας
1351 1156 1495 1206 ἱππεῖς
1524 1153 1747 1200 ἀπέστειλε
1766 1156 1879 1212 πρὸς

488 1213 626 1260 αὐτὸν
655 1211 762 1263 τούς
790 1210 1159 1281 παραπέμψοντας
1187 1210 1272 1266 μετ’
1299 1209 1544 1283 ἀσφαλείας
1574 1212 1676 1284 ὅποι
1705 1214 1880 1285 βούλοι-

488 1305 551 1386 μά
579 1331 780 1398 μεθεῖναι
810 1325 1188 1394 συναναγκασθεὶς
1218 1327 1278 1376 εἰς
1318 1313 1540 1370 ἰδιωτικὸν
1578 1329 1681 1396 βίον
1707 1328 1782 1371 καὶ
1810 1344 1882 1371 τα-

399 1389 457 1434 35
486 1383 642 1430 πεινόν
671 1386 836 1453 σχῆμα,
867 1380 940 1425 δια
968 1398 1050 1451 την
1079 1381 1310 1426 ἐπιείκειαν
1338 1383 1427 1427 υπὸ
1454 1388 1538 1427 τοῦ
1567 1383 1723 1428 Σύλλα
1751 1399 1882 1438 παρε-

485 1443 670 1512 πέμφθη
699 1439 861 1509 ταχέως
890 1439 951 1489 εἰς
978 1455 1036 1508 ην
1065 1437 1268 1494 ἐβούλετο
1298 1439 1441 1483 πόλιν.
1492 1438 1585 1485 εἶτα
1615 1440 1668 1485 τά
1702 1444 1797 1511 τῆς
1808 1440 1883 1497 ἀρ-

484 1505 564 1558 χῆς
595 1494 952 1554 ἀνακτησάμενος
980 1493 1144 1552 κόσμια
1164 1495 1297 1540 πάλιν
1328 1496 1602 1555 δυνάμεως““
1586 1502 1741 1556 ικανῆς
1772 1496 1886 1556 ἀφη-

515 1562 615 1602 εῖτο.

483 1575 512 1615 γ
588 1612 689 1656 ΓὈτι
724 1628 767 1655 οι
796 1612 885 1653 τῶν
905 1606 1132 1681 Ρωμαίων
1159 1615 1417 1681 περιφανεῖς
1446 1608 1646 1666 άνδρες’
1628 1609 1885 1686 εμιαιφονή-

401 1675 457 1719 40
486 1677 635 1729 θησαν
665 1669 711 1713 ἐκ
742 1670 964 1738 διαβολῆς,
996 1669 1071 1711 καὶ
1101 1665 1126 1712 6
1155 1668 1236 1739 τὴν
1266 1670 1469 1725 μεγίστην
1498 1669 1745 1726 ιερωσύνην
1773 1669 1885 1726 ἔχων
1947 1701 1949 1706 ι

486 1726 794 1776 Σκαιουόλας,
833 1723 1037 1795 μέγιστον
1066 1726 1175 1782 εχων
1205 1724 1374 1782 ἀξίωμα
1405 1729 1495 1769 τῶν
1523 1730 1738 1780 πολιτων,
1779 1727 1885 1770 ἀνα-

487 1788 581 1839 ξίας
611 1788 687 1839 τῆς
717 1784 830 1832 ἰδίας
860 1780 1017 1837 ἀρετῆς
1048 1783 1168 1853 ε’τυχε
1197 1787 1272 1839 τῆς
1308 1785 1391 1826 τοῦ
1432 1783 1534 1851 βίου
1564 1786 1882 1854 καταστροφῆς.
1948 1820 1949 1823 ,

488 1845 533 1888 οἱ
564 1842 610 1887 δὲ
646 1841 873 1907 Ρωμαῖοι
890 1838 985 1882 κατ’
1018 1837 1126 1883 αὐτό
1156 1857 1205 1910 γε
1233 1843 1364 1907 τοῦτο
1401 1838 1600 1912 μεγάλως
1638 1839 1883 1896 εὐτύχησαν

401 1903 458 1949 45
489 1900 556 1945 ὅτι
585 1902 679 1950 τοῖς
710 1894 968 1968 ἁγιωτάτοις
998 1895 1188 1953 σηκοῖςὸ
1209 1895 1424 1953 πάντιμος
1445 1895 1588 1949 ἱερεύς
1610 1897 1692 1940 οὐκ
1713 1897 1883 1967 ε’φθασε
1949 1896 1954 1900 ’

488 1960 770 2027 προςπεσεῖν,
817 1953 978 2023 έπείτοι
1016 1970 1064 2009 γε
1099 1954 1227 2010 χάριν
1261 1958 1337 2008 τῆς
1365 1958 1452 1997 τῶν
1489 1953 1742 1998 διωκόντων
1773 1952 1883 2010 ὠμό-

486 2031 617 2084 τητος
647 2012 721 2056 καὶ
750 2010 864 2063 πρὸς
904 2008 1056 2062 αὐτοῖς
1093 2017 1184 2062 τοῖς
1226 2010 1404 2061 ἀδύτοις
1422 2009 1673 2083 έπιβιύμιος
1703 2028 1882 2066 μιαιφο·

488 2073 642 2127 νηθεις
673 2067 910 2122 ἀπέσβεσεν
947 2067 1004 2110 ἀν
1042 2072 1104 2123 τῷ
1148 2070 1297 2122 αἵματι
1325 2067 1374 2112 vo*
1408 2066 1647 2128 ἀκοιμίστω
1679 2070 1883 2112 δεισιδαι-

489 2130 623 2200 μονία
653 2125 929 2182 τηρούμενον
958 2128 1047 2180 πῦρ
1078 2125 1121 2177 ἐξ
1151 2127 1324 2176 αἰῶνος.

402 2192 460 2234 50
589 2185 688 2227 Ὀτι
727 2183 1011 2251 προτεθείσης
1051 2186 1327 2252 προγραφῆς
1354 2182 1414 2232 εἷς
1453 2197 1535 2252 την
1579 2178 1748 2238 ἀγοραν
1788 2177 1883 2224 ἀνέ-

489 2246 628 2298 δραμε
657 2243 828 2309 πλῆθος
857 2237 1112 2294 ἀνθρώπων
1139 2239 1252 2293 πρὸς
1279 2238 1360 2295 τὴν
1389 2237 1652 2308 ἀνάγνωσιν.
1698 2255 1741 2282 οι
1769 2241 1883 2281 πλεῖ-

488 2312 584 2344 στοι
614 2297 660 2342 δε
691 2295 966 2370 συνέπασχον
995 2303 1090 2347 τοῖς
1119 2295 1376 2367 ὀφείλουσιν
1397 2293 1687 2366 ἀναδέχεσθαι
1703 2293 1782 2338 τὸν
1802 2293 1882 2337 θά-
1950 2320 1952 2325 ·

487 2372 640 2401 νατον.
674 2351 732 2405 εἷς
764 2353 809 2396 δὲ
839 2357 928 2396 τῶν
945 2353 1310 2409 συνεληλυθότων
1337 2354 1469 2410 κακία
1496 2354 1572 2396 καὶ
1599 2352 1882 2424 υπερηφανία
1944 2391 1947 2405 ,

402 2418 456 2462 55
488 2412 713 2468 διαφέρων
743 2411 932 2466 ἐγγελων
960 2415 1054 2461 τοῖς
1083 2410 1395 2455 κινδυνεύουσι
1424 2411 1565 2453 πολλοὶ
1594 2407 1695 2452 κατ’
1735 2405 1882 2452 αὐτῶν
1945 2413 1947 2441 ³

483 2471 750 2527 υβριστικῶς
780 2467 1124 2536 ἐβλασφήμησεν.
1179 2469 1290 2512 ἔνθα
1321 2467 1373 2523 δὴ
1404 2467 1639 2523 δαιμονίου
1669 2466 1787 2516 τινὸς
1816 2467 1883 2508 ve'-
1944 2486 1947 2505 z

485 2541 608 2586 μεσις
637 2530 698 2587 τῷ
730 2523 989 2581 διασύροντι
1028 2541 1111 2582 την
1148 2529 1238 2570 τῶν
1275 2524 1595 2582 ἀκληρούντων
1623 2521 1760 2581 τύχην
1789 2521 1884 2566 ἐπέ·

577 2636 1136 2698 616.14.τῆν-·επιμὲλειαν]
1161 2637 1466 2694 ’τῇ-ἐπιμελείᾳ
1489 2637 1606 2672 vales·
1579 2649 1649 2672 xus
1756 2637 1814 2672 16.
1840 2634 1882 2672 δὲ

484 2690 552 2746 τῆς
576 2688 757 2728 Valesius,
783 2686 823 2722 δὲ
847 2687 880 2720 V
995 2687 1054 2722 31.
1079 2685 1283 2729 ἀσφαλείας
1306 2686 1487 2728 Valesius
1513 2686 1640 2729 φιλίας
1662 2683 1696 2718 V
1819 2683 1882 2719 33.
1944 2684 1945 2702 ¹

487 2732 603 2779 ἀρχῆς
621 2735 723 2768 Valos
709 2734 799 2775 bins,
824 2731 958 2778 ἀρετῆς
981 2734 1013 2766 V
1105 2733 1162 2767 48.
1189 2731 1360 2777 ἀκοιμίστ.
1365 2734 1407 2777 ῳ]
1435 2729 1625 2776 ἀκοιμήτῳ
1649 2732 1801 2766 fortasse
1823 2741 1882 2763 re·-

485 2784 574 2816 ctius
609 2782 691 2814 Exc.
729 2782 809 2816 Vat.
844 2794 877 2825 p.
911 2779 1038 2814 139.5
1017 2791 1071 2821 .).,
1115 2780 1176 2813 ubi
1208 2782 1302 2817 male
1333 2780 1439 2817 huius
1470 2778 1659 2825 fragmenti
1687 2790 1770 2825 pars
1801 2788 1882 2812 cum
1943 2792 1944 2795 ¹

486 2829 714 2873 praecedente
738 2827 866 2865 diversi
888 2825 1086 2874 argumenti
1106 2826 1240 2864 coaluit
1942 2833 1943 2841 ¹
