1968 3346
253 167 553 231 ExcER‘PTA
581 186 653 228 DE
682 184 833 227 vum*
864 185 940 226 ΕΤ
970 183 1083 227 vm
1111 183 1342 228 L.XXX1
1407 187 1492 228 123

94 299 260 369 μονίας
298 295 572 352 τεταγμένων
601 295 677 339 καὶ
713 298 802 339 τῶν
833 294 980 340 άλλων
1007 311 1099 341 των
1126 293 1491 367 ὑποτεταγμένων
1556 316 1565 326 ·

102 371 184 412 την
203 354 493 424 καθήκουσαν
516 351 763 422 ἐπιμέλειαν
780 352 1075 409 ποιησάμενος
1093 353 1286 410 μεγάλην
1309 354 1491 398 εὔνοιαν

99 411 227 483 παρὰ
247 416 342 463 τοῖς
370 410 582 480 πλήθεσιν
612 406 898 464 απηνέγκατο.

102 503 106 506 .
205 467 312 511 ’Ότι
346 466 425 510 τὸν
436 466 836 538 Μιθροβουζάνην
873 465 959 508 ἐπὶ·
978 464 1060 521 τὴν
1097 464 1309 536 πατρωαν
1351 447 1490 522 ἀρχὴν

101 524 427 594 καταγαγόντος
453 521 742 591 Ἀριαράθους
771 520 986 592 Ἀρταξίας
1016 521 1039 566 6
1071 526 1147 577 τῆς
1172 520 1395 577 Ἀρμενίας
1415 527 1488 578 βα-
1518 524 1574 573 70

102 581 247 632 σιλευς
277 580 361 627 ουίι
392 577 689 649 αφιστάμενος
705 583 782 634 τῆς
803 580 846 630 ἐξ
866 576 998 634 ἀρχῆς
1016 579 1264 630 πλεονεξίας
1283 577 1490 633 πρέσβεις

101 637 322 687 ἀπέστειλε
358 637 485 690 πρὸς
504 634 797 705 Ἀριαράθην,
848 639 1119 689 παρακαλῶν
1158 640 1489 691 συμφρονησαι,

100 696 174 739 καὶ
206 698 296 737 τῶν
319 694 577 742 νεανίσκων
605 691 814 762 ἑκάτερον
849 691 929 735 τὸν
957 690 1063 744 παρ’
1097 691 1258 737 ἑαυτοῦ
1289 693 1488 747 διαχειρι-

100 751 295 806 σάμενον
323 750 543 797 διελέσθαι
570 747 665 819 την
676 748 921 805 Σωφηνήν.
951 747 976 792 6
1008 748 1055 792 δὲ
1080 746 1345 804 Ἀριαράθης
1374 748 1489 793 πολὺ
1518 749 1575 792 75

99 806 416 862 κεχωρισμένος
434 810 519 862 τῆς
536 805 741 877 τοιαύτης
765 806 1058 863 ῥαδιουργίας
1085 811 1178 856 τοῖς
1206 808 1396 862 πρεσβευ
1400 811 1493 876 ταζς

99 864 323 934 ἐπέπληξε,
368 863 463 906 καὶ
473 861 586 916 πρὸς
613 850 859 917 Ἀρταξίαν
868 862 1031 934 ἔγραψε
1060 866 1341 919 παρακαλῶν
1356 861 1494 906 αὐτόν

100 918 364 990 ἀπέχεσθαι
365 924 455 963 τῶν
481 918 708 971 τοιούτων
719 919 879 975 ε’ργων.
899 917 1164 989 Ἀριαράθηςι
1182 919 1262 974 μὲν
1287 920 1370 962 οὐν
1391 914 1494 967 ,α’κο-

99 975 278 1027 λούθως
316 976 443 1020 οὕτω
473 979 733 1047 γενηθείσης
763 981 840 1032 τῆς
875 975 1072 1031 πράξεως
1112 973 1165 1019 οὐ
1205 977 1390 1031 μετρίως
1418 974 1493 1031 ηὔ

100 1036 200 1102 ξησε
235 1033 317 1089 τὴν
352 1033 450 1087 περὶ
489 1031 629 1077 αὐτοῦ
668 1032 822 1085 δόξαν
875 1032 899 1077 6
931 1032 977 1076 δε
1006 1033 1386 1102 Μιθροβουζάνης
1416 1032 1490 1079 δια
1521 1038 1577 1077 80

99 1090 182 1146 τήν
210 1088 567 1161 θαυμαζομένην
579 1093 661 1134 τοῦ
702 1088 1030 1160 καταγαγόντος
1072 1087 1211 1133 αυτόν
1244 1090 1394 1137 πίστιν
1406 1106 1494 1137 και

99 1145 433 1236 καλοκάγαθίαν
462 1145 672 1219 ἐκράτησε
699 1151 776 1203 τῆς
804 1144 1011 1205 πατρώοις
1041 1142 1187 1201 ἀρχῆς.

200 1203 320 1251 ’-Οτι
326 1202 349 1247 ὁ
364 1205 578 1258 Αἰμίλιος
589 1204 614 1248 6
637 1204 812 1263 Περσέα
839 1192 1200 1273 καταπολεμήσας
1227 1201 1406 1258 τιμητὴς
1430 1188 1492 1252 ὢν
1522 1203 1579 1248 85

99 1246 179 1309 καὶ
209 1259 365 1316 σχεδὸν
403 1261 451 1309 ἐν
483 1265 592 1317 πᾶσι
628 1266 723 1312 τοῖς
751 1261 899 1330 μέρεσι
936 1264 1014 1330 τῆς
1044 1258 1217 1332 ἀρετῆς
1256 1259 1495 1313 πρωτεύων

32 1321 192 1366 585των
215 1320 423 1361 πολιτῶν
437 1311 725 1390 ἐτελεύτησεν.
766 1317 826 1369 ὠς
857 1318 903 1361 δὲ
925 1315 968 1387 ἡ
974 1317 1074 1373 περὶ
1105 1314 1244 1360 αὐτοῦ
1275 1314 1402 1372 φήμη
1412 1320 1524 1371 τῆς

100 1378 299 1444 τελευτῆς
329 1373 518 1444 διεδόθη
554 1376 631 1418 καὶ
665 1375 920 1444 συνήγγιζεν
946 1372 969 1417 6
999 1377 1079 1443 τῆς
1105 1372 1299 1429 ἐκφορᾶς
1328 1372 1497 1426 καιρός,

98 1430 324 1502 τοιαύτην
340 1431 508 1501 συνέβη
533 1431 740 1487 γενέσθαι
758 1430 914 1487 πάσης
920 1447 999 1500 της
1021 1429 1190 1480 πόλεως
1219 1430 1499 1499 συμπάθειαν

100 1488 206 1539 ω’ςτε
235 1487 294 1559 μὴ
325 1487 464 1557 μόνον·
491 1488 598 1540 τούς
608 1486 998 1559 ἐργαστηριακους
1026 1488 1102 1530 καὶ
1117 1486 1195 1530 τὸν
1213 1485 1347 1529 ἄλλον
1366 1485 1495 1542 ὄχλον
1524 1493 1581 1534 90

101 1545 376 1613 συντρέχειν,
409 1543 517 1588 ἄλλα
547 1545 623 1589 καὶ
650 1546 756 1596 τούς
786 1545 1009 1614 ἄρχοντας
1031 1543 1107 1587 καὶ
1136 1560 1218 1600 την
1246 1541 1497 1613 σύγκλητον

101 1600 382 1673 ὑπερθέσθαι
422 1600 529 1652 τούς
564 1602 915 1672 χρηματισμούς.
959 1599 1221 1670 ἀκολούθως
1251 1600 1296 1643 δε
1310 1600 1501 1651 τούτοις
1538 1622 1565 1646 μ

101 1659 176 1702 καὶ
204 1661 294 1704 τῶν
322 1663 648 1713 περιοικουσων
677 1658 759 1715 τὴν
786 1657 956 1713 Ῥώμην
985 1655 1158 1700 πόλεων
1195 1655 1321 1707 ὅσαις
1354 1655 1500 1728 6296-

99 1731 178 1767 νος
207 1732 289 1771 την
320 1714 606 1784 ἀναστροφὴν
635 1715 785 1760 ἐδίδου
825 1714 973 1758 ἐλθεῖν
1013 1712 1124 1768 πρὸς
1153 1713 1232 1757 τὸν
1261 1717 1338 1782 τῆς
1368 1730 1498 1768 εκφο

101 1777 195 1841 ρᾶς
209 1771 391 1827 καιρόν,
421 1773 526 1819 καὶ
533 1776 622 1817 τῶν
650 1788 742 1841 την
765 1772 826 1822 εἷς
861 1771 951 1827 τὴν
974 1768 1147 1827 Ρω’μην
1181 1787 1313 1825 τιμην
1329 1769 1498 1839 σχεδὸν
1527 1775 1583 1819 95

98 1828 245 1898 τιμὴν
258 1845 365 1885 μετα
394 1830 670 1898 προθυμίας,
713 1827 803 1885 ἅμα
833 1828 1101 1883 θεασόμενοι
1128 1827 1202 1871 καὶ
1239 1825 1498 1883 τιμήσοντες

98 1885 183 1931 τὸν
201 1885 512 1957 μετηλλαχότα.
544 1927 547 1931 ,

135 1979 138 1984 .
201 1941 301 1989 “Ὄτι
331 1942 354 1985 6
387 1940 519 1994 αὐτὸς
547 1929 749 1997 Αἰμίλιος
779 1938 873 2012 οἷος
901 1957 950 1984 εν
978 1943 1041 2000 τῷ
1055 1930 1147 2010 ζῇν
1175 1937 1389 1996 υπάρχειν
1417 1920 1498 1996 τήν

98 1997 236 2056 τύχην
272 1998 518 2053 ἐδοξάζετο,
560 2003 766 2043 τοιοῦτον
807 1997 985 2042 ἀπέλιπε
1015 1997 1094 2042 τόν
1134 1998 1232 2053 βίον
1262 1997 1495 2052 μεταλλάτ-
1528 2005 1611 2046 100

98 2073 202 2100 των.
246 2057 450 2100 πλεῖστον
486 2055 583 2125 γὰρ
598 2060 688 2099 τῶν
717 2054 825 2100 καθ’
860 2055 998 2099 αὑτὸν
1029 2055 1075 2106 ἐξ
1101 2052 1294 2110 Ἰβηρίας
1331 2055 1500 2110 χρυσὸν

98 2114 285 2169 κομίσας
311 2115 371 2164 εἰς
401 2113 483 2168 τὴν
505 2111 687 2168 Ρώμην,
721 2114 936 2181 μεγίστων
967 2111 1013 2156 δε
1035 2115 1279 2167 θησαυρων
1307 2116 1396 2155 τῶν
1425 2127 1501 2155 κα-

100 2187 154 2214 τα
185 2171 472 2240 Μακεδονίαν
503 2170 718 2241 ἐγκρατὴς
741 2168 991 2225 γενόμενος,
1021 2170 1220 2224 πλείστης
1250 2168 1296 2212 δὲ
1319 2169 1420 2222 περὶ
1445 2185 1500 2211 τα

101 2226 397 2281 προειρημένα
443 2243 651 2282 τετευχως
702 2225 922 2279 ἐξουσίας,
962 2229 1179 2269 τοσοῦτον
1221 2223 1377 2280 ἀπέσχε
1417 2229 1501 2269 τοῦ

102 2285 444 2338 σφετερίσασθαί
472 2300 514 2327 τι
542 2300 632 2327 των
661 2284 892 2339 χρημάτων
914 2282 1019 2334 ω’ςτε
1048 2298 1155 2338 μετα
1185 2281 1265 2338 τὴν
1293 2300 1313 2324 τ
1325 2281 1500 2339 ,λευτην
1557 2292 1585 2335 5

102 2340 208 2390 τούς
236 2339 365 2390 υἱούς
395 2339 534 2395 αὐτοῦ
564 2339 670 2391 τούς
701 2340 913 2391 δοθέντας
943 2342 1003 2390 εἰς
1033 2340 1264 2383 υἱοθεσίαν
1295 2340 1500 2391 διαδεξα-

103 2398 266 2464 μένους
307 2413 388 2452 την
429 2398 730 2452 ’κληρονομίαν
767 2397 815 2441 ἐκ
854 2396 1035 2441 πάντων
1074 2412 1165 2439 των
1211 2396 1404 2447 ἐπίπλων
1443 2395 1504 2452 μὴ

95 2452 329 2498 ’δύνασθαι
357 2455 568 2522 διαλῦσαι
598 2471 652 2511 τη
690 2455 872 2527 γυναικὶ
909 2453 990 2509 τὴν
1031 2452 1228 2509 φέρνην,
1271 2455 1309 2496 εἰ
1339 2470 1411 2510 μη
1428 2453 1503 2496 καὶ

103 2527 194 2554 των
219 2510 398 2567 εγγείων
427 2508 658 2605 κτημάτων
687 2512 782 2556 ε’νια
811 2509 1152 2568 προςαπέδοντο
1197 2509 1267 2554 διὸ
1296 2510 1372 2554 καὶ
1400 2505 1503 2554 πολ-

102 2623 159 2659 74.
184 2622 346 2667 ἑαυτοῦ]
374 2624 483 2658 immo
507 2622 628 2679 ἑαυτῷ
743 2624 802 2660 80.
827 2623 971 2670 αὐτοῦ]
998 2624 1122 2660 malim
1147 2620 1266 2660 αυτὸν

196 2671 279 2707 585.
302 2670 360 2704 87.
385 2667 506 2705 αὐτοῦ
530 2660 639 2715 φήμη
664 2671 731 2715 τῆς
755 2673 942 2729 τελευτῆς]
965 2684 1078 2706 nonne
1099 2672 1166 2726 τῆς
1189 2670 1356 2712 τελευτῆς
1380 2663 1499 2703 αὐτοῦ

105 2715 242 2762 φήμη.)
367 2717 424 2750 91.
450 2716 513 2759 και
536 2719 612 2751 τῶν
635 2716 704 2763 τὴν
736 2718 788 2757 εἰς
811 2716 880 2764 τήν
902 2715 1053 2761 Ρώμην
1078 2715 1189 2763 τιμὴν
1213 2716 1343 2760 σχεδὸν
1366 2712 1501 2770 τιμήν]

106 2763 300 2809 κατήντων
325 2763 376 2803 εἰς
410 2760 478 2806 τήν
500 2760 652 2808 Ρώμην
681 2762 811 2810 σχεδόν
842 2777 879 2802 τι
912 2764 1128 2811 πανδημεὶὲ
1221 2763 1302 2798 100.
1327 2758 1444 2797 αυτὸν
1470 2761 1499 2794 V

269 2807 505 2821 ’’’’’

198 2809 232 2845 4
255 2822 324 2846 απε
318 2811 412 2855 -σχε]
434 2821 610 2856 απεσχετο
635 2811 664 2842 V
