1968 3346
231 241 316 280 244

232 356 458 399 Fragmenta
486 351 672 395 Excerpta
705 348 888 393 Excerpta
925 349 1111 392 Excerpta
1148 345 1334 389 Excerpta

297 1191 371 1224 LV.

757 231 793 273 L
824 230 842 271 Ι
870 231 916 272 Β.
971 227 1085 271 ΧΧΙ.
1103 250 1160 258 -
1181 227 1269 268 XL.

1369 457 1502 503 Legati
1537 458 1792 492 Romanorum

1427 513 1475 547 ad
1505 513 1663 548 Cinnam
1694 515 1793 548 missi

1369 570 1546 604 Metellus
1617 571 1795 604 exercitus

1427 626 1631 671 imperium
1681 627 1796 660 tradit

1427 683 1582 717 Cinnae.
1649 683 1797 718 Octavii

1426 739 1640 784 pervicacia

1372 795 1520 829 Merula
1544 796 1686 831 Cinnae
1707 805 1797 829 con-

1431 852 1552 887 sulatu
1569 853 1668 887 cedit

1373 909 1517 944 Cinnae
1532 915 1569 942 et
1585 909 1700 944 Marii
1718 919 1798 940 sce·
1862 912 1864 915 ’

1427 965 1505 998 Iera
1519 978 1528 1000 :
1549 965 1588 998 in
1600 967 1655 1001 his
1666 967 1710 1011 Q.
1724 965 1800 997 Lu-

1427 1022 1514 1055 tatii
1529 1023 1651 1057 Catuli
1668 1021 1798 1055 caedes

1369 1081 1589 1113 Portentum
1610 1079 1718 1113 initio
1747 1077 1800 1110 ci-

1428 1135 1513 1168 vilis
1526 1136 1624 1169 inter
1631 1135 1799 1169 Marium

1430 1197 1467 1224 et
1485 1192 1627 1225 Sullam
1649 1191 1742 1225 belli

1371 1248 1476 1282 Sulla
1521 1248 1644 1282 Mario
1690 1258 1799 1293 supe-

1428 1304 1508 1337 rior
1566 1333 1569 1335 .

1373 1360 1498 1394 Sullae
1518 1360 1715 1406 sacrilegia

1123 1412 1203 1448 615.
1225 1413 1280 1448 63.
1298 1431 1344 1438 —
1372 1417 1559 1451 Fimbriae
1578 1417 1723 1463 flagitia

491 407 670 441 Vaticana
737 406 859 440 Vrsini
958 404 1079 440 Photii
1173 401 1308 436 Valesii

495 518 574 554 135.
593 518 650 554 25.

493 744 570 779 135.
589 743 645 778 29.

1167 847 1248 886 614.
1266 846 1324 885 34.

921 1015 1000 1054 542.
1023 1017 1080 1054 69.

518 1304 596 1339 136.
621 1304 676 1339 16.

1169 1353 1248 1391 614.
1267 1351 1326 1390 45.

518 1474 596 1509 136.
619 1475 675 1510 31.
1180 1470 1214 1504 3.

536 1644 614 1677 137.
644 1643 678 1677 6.
1173 1637 1253 1674 615.
1283 1635 1317 1674 4.

535 1813 613 1845 138.
647 1813 678 1848 1.

539 2149 616 2183 153.
647 2149 680 2183 5.

524 2373 602 2406 138.
627 2373 679 2406 12.

920 2488 999 2526 541.
1021 2491 1078 2526 25.

517 2715 595 2750 138.
619 2716 677 2751 21.

1166 2829 1245 2864 616.
1270 2830 1325 2863 28.

1374 1530 1440 1564 Cn.
1458 1529 1656 1574 Pompeius
1681 1529 1799 1564 virtu-

1429 1586 1476 1620 tis
1505 1597 1594 1631 ergo
1623 1586 1670 1619 ab
1697 1587 1801 1622 Sulla

1435 1642 1666 1677 collaudatus

1372 1699 1584 1734 Hadrianus
1597 1699 1642 1732 ab
1651 1699 1799 1734 Vticen-

1429 1756 1531 1789 sihus
1563 1756 1669 1790 vivus
1696 1768 1800 1790 com-

1431 1812 1560 1846 hustus

1366 1869 1490 1903 Mario
1502 1868 1704 1903 exercitum
1715 1880 1806 1904 con-

1430 1925 1607 1959 scribenti
1623 1926 1733 1959 multi
1746 1932 1800 1959 et-

1430 1983 1505 2015 iam
1518 1993 1648 2016 eorum
1660 1983 1723 2026 qui
1736 1982 1801 2015 sti-

1430 2039 1568 2083 pendia
1631 2049 1799 2072 emerue-

1430 2100 1515 2128 rant
1546 2094 1699 2128 nomina
1737 2095 1800 2128 de-

1431 2151 1566 2184 derunt

1372 2207 1544 2241 Sullanae
1559 2213 1597 2240 et
1606 2207 1800 2241 Marianae

1429 2264 1603 2297 factionis
1639 2264 1801 2297 alterna—

1429 2321 1531 2353 tione
1558 2320 1717 2354 iactatae
1747 2321 1799 2354 ci-

1430 2377 1562 2411 vitates

1373 2434 1518 2468 Marius
1530 2436 1723 2468 Praeneste
1740 2433 1799 2466 in-

1432 2490 1554 2523 clusus
1575 2501 1613 2524 se
1639 2490 1717 2535 ipse
1742 2490 1799 2523 in-

1428 2546 1565 2581 terficit

1372 2607 1560 2648 Perperna
1629 2603 1798 2637 Marium

1430 2662 1626 2694 Praeneste
1655 2659 1799 2706 eripere

1428 2722 1551 2751 tentat

1372 2773 1535 2818 Scipioni
1563 2772 1711 2806 veniam
1736 2771 1799 2806 dat

1428 2830 1530 2864 Sulla
