<?xml version="1.0" encoding="UTF-8"?>
<!DOCTYPE html PUBLIC "-//W3C//DTD XHTML 1.0 Transitional//EN"
    "http://www.w3.org/TR/xhtml1/DTD/xhtml1-transitional.dtd">
<html xmlns="http://www.w3.org/1999/xhtml" xml:lang="en" lang="en">
 <head>
  <title>
</title>
<meta http-equiv="Content-Type" content="text/html;charset=utf-8" />
  <meta name='ocr-system' content='tesseract 3.04.00' />
  <meta name='ocr-capabilities' content='ocr_page ocr_carea ocr_par ocr_line ocrx_word'/>
</head>
<body>
  <div class='ocr_page' id='page_1' title='image "./p2bibliothecahisto02dioduoft_0386.png"; bbox 0 0 1968 3346; ppageno 0'>
   <div class='ocr_carea' id='block_1_1' title="bbox 467 238 1614 285">
    <p class='ocr_par' dir='ltr' id='par_1_1' title="bbox 467 238 1614 285">
     <span class='ocr_line' id='line_1_1' title="bbox 467 238 1614 285; baseline 0.003 -4"><span class='ocrx_word' id='word_1_1' title='bbox 467 241 555 282; x_wconf 77' lang='lat' dir='ltr'><strong>llo</strong></span> <span class='ocrx_word' id='word_1_2' title='bbox 704 238 1006 281; x_wconf 74' lang='lat' dir='ltr'>EXCERPTA</span> <span class='ocrx_word' id='word_1_3' title='bbox 1035 238 1321 282; x_wconf 87' lang='lat' dir='ltr'><strong>VATICANA</strong></span> <span class='ocrx_word' id='word_1_4' title='bbox 1348 242 1396 284; x_wconf 85' lang='lat'><strong>1..</strong></span> <span class='ocrx_word' id='word_1_5' title='bbox 1421 243 1614 285; x_wconf 86' lang='lat' dir='ltr'>XXXIII.</span> 
     </span>
    </p>
   </div>
   <div class='ocr_carea' id='block_1_2' title="bbox 463 346 1853 578">
    <p class='ocr_par' dir='ltr' id='par_1_2' title="bbox 463 346 1853 577">
     <span class='ocr_line' id='line_1_2' title="bbox 566 346 1853 409; baseline 0.007 -17.2"><span class='ocrx_word' id='word_1_6' title='bbox 566 348 671 393; x_wconf 74' lang='lat' dir='ltr'><strong>“On</strong></span> <span class='ocrx_word' id='word_1_7' title='bbox 701 346 726 394; x_wconf 88' lang='lat'><em>6</em></span> <span class='ocrx_word' id='word_1_8' title='bbox 755 348 924 402; x_wconf 78' lang='grc' dir='ltr'><strong><em>ὕπατος</em></strong></span> <span class='ocrx_word' id='word_1_9' title='bbox 953 352 1193 402; x_wconf 79' lang='grc' dir='ltr'><strong><em>Ποπίλλιος</em></strong></span> <span class='ocrx_word' id='word_1_10' title='bbox 1219 351 1456 406; x_wconf 67' lang='grc' dir='ltr'><strong>ι’Τριάτθου</strong></span> <span class='ocrx_word' id='word_1_11' title='bbox 1495 355 1596 408; x_wconf 81' lang='grc' dir='ltr'><strong><em>περὶ</em></strong></span> <span class='ocrx_word' id='word_1_12' title='bbox 1628 356 1853 409; x_wconf 82' lang='grc' dir='ltr'><strong><em>διαλέξεως</em></strong></span> 
     </span>
     <span class='ocr_line' id='line_1_3' title="bbox 466 404 1853 478; baseline 0.006 -29"><span class='ocrx_word' id='word_1_13' title='bbox 466 404 697 458; x_wconf 75' lang='grc' dir='ltr'><em>ἀξιοῦντος</em></span> <span class='ocrx_word' id='word_1_14' title='bbox 735 407 879 478; x_wconf 73' lang='grc' dir='ltr'><strong><em>ἔκρινε</em></strong></span> <span class='ocrx_word' id='word_1_15' title='bbox 909 407 1189 462; x_wconf 77' lang='grc' dir='ltr'><strong><em>προςτάττειν</em></strong></span> <span class='ocrx_word' id='word_1_16' title='bbox 1210 407 1320 452; x_wconf 80' lang='grc' dir='ltr'><strong><em>καθ’</em></strong></span> <span class='ocrx_word' id='word_1_17' title='bbox 1351 409 1512 454; x_wconf 76' lang='grc' dir='ltr'><strong><em>ἕκαστα</em></strong></span> <span class='ocrx_word' id='word_1_18' title='bbox 1532 428 1622 455; x_wconf 86' lang='grc' dir='ltr'><strong><em>των</em></strong></span> <span class='ocrx_word' id='word_1_19' title='bbox 1648 411 1853 465; x_wconf 74' lang='grc' dir='ltr'><strong><em>ἀρεσκόν-</em></strong></span> 
     </span>
     <span class='ocr_line' id='line_1_4' title="bbox 463 462 1849 534; baseline 0.006 -29"><span class='ocrx_word' id='word_1_20' title='bbox 463 480 578 512; x_wconf 88' lang='grc' dir='ltr'><strong><em>των,</em></strong></span> <span class='ocrx_word' id='word_1_21' title='bbox 628 463 747 514; x_wconf 83' lang='grc' dir='ltr'><strong><em>ὅπως</em></strong></span> <span class='ocrx_word' id='word_1_22' title='bbox 775 462 834 521; x_wconf 84' lang='grc' dir='ltr'><strong>μὴ</strong></span> <span class='ocrx_word' id='word_1_23' title='bbox 863 463 1108 534; x_wconf 78' lang='grc' dir='ltr'><strong><em>λεχθέντων</em></strong></span> <span class='ocrx_word' id='word_1_24' title='bbox 1139 464 1310 520; x_wconf 74' lang='grc' dir='ltr'><strong><em>ἀθρόον</em></strong></span> <span class='ocrx_word' id='word_1_25' title='bbox 1339 465 1564 524; x_wconf 74' lang='grc' dir='ltr'><strong><em>ἀπογνούς</em></strong></span> <span class='ocrx_word' id='word_1_26' title='bbox 1597 467 1849 526; x_wconf 78' lang='grc' dir='ltr'><strong><em>αποθηριω-</em></strong></span> 
     </span>
     <span class='ocr_line' id='line_1_5' title="bbox 463 519 1268 578; baseline 0.003 -15"><span class='ocrx_word' id='word_1_27' title='bbox 463 524 530 578; x_wconf 75' lang='grc' dir='ltr'><strong>θῇ</strong></span> <span class='ocrx_word' id='word_1_28' title='bbox 560 519 674 574; x_wconf 82' lang='grc' dir='ltr'><strong><em>πρὸς</em></strong></span> <span class='ocrx_word' id='word_1_29' title='bbox 702 520 898 577; x_wconf 86' lang='grc' dir='ltr'><strong><em>πόλεμον</em></strong></span> <span class='ocrx_word' id='word_1_30' title='bbox 926 520 1268 565; x_wconf 79' lang='grc' dir='ltr'><strong><em>ακατοὶλλακτον.</em></strong></span> 
     </span>
    </p>
   </div>
   <div class='ocr_carea' id='block_1_3' title="bbox 405 587 1955 1045">
    <p class='ocr_par' dir='ltr' id='par_1_3' title="bbox 433 587 1955 874">
     <span class='ocr_line' id='line_1_6' title="bbox 433 587 1955 660; baseline 0.005 -27"><span class='ocrx_word' id='word_1_31' title='bbox 433 591 461 633; x_wconf 88' lang='lat'><em>5</em></span> <span class='ocrx_word' id='word_1_32' title='bbox 576 589 629 630; x_wconf 87' lang='lat' dir='ltr'><strong>V.</strong></span> <span class='ocrx_word' id='word_1_33' title='bbox 658 589 758 632; x_wconf 89' lang='grc' dir='ltr'><strong>Ὀτι</strong></span> <span class='ocrx_word' id='word_1_34' title='bbox 786 587 814 645; x_wconf 78' lang='grc' dir='ltr'><em>ἡ</em></span> <span class='ocrx_word' id='word_1_35' title='bbox 843 588 968 640; x_wconf 84' lang='grc' dir='ltr'><strong><em>πόλις</em></strong></span> <span class='ocrx_word' id='word_1_36' title='bbox 993 589 1020 646; x_wconf 80' lang='grc' dir='ltr'><strong><em>ἡ</em></strong></span> <span class='ocrx_word' id='word_1_37' title='bbox 1051 590 1300 647; x_wconf 80' lang='grc' dir='ltr'><strong><em>καλουμένη</em></strong></span> <span class='ocrx_word' id='word_1_38' title='bbox 1325 588 1606 660; x_wconf 79' lang='grc' dir='ltr'><strong><em>Κόντουβρις</em></strong></span> <span class='ocrx_word' id='word_1_39' title='bbox 1631 591 1850 638; x_wconf 75' lang='grc' dir='ltr'><strong><em>ἀπέστειλε</em></strong></span> <span class='ocrx_word' id='word_1_40' title='bbox 1861 606 1907 640; x_wconf 87' lang='grc'><strong>99</strong></span> <span class='ocrx_word' id='word_1_41' title='bbox 1953 599 1955 614; x_wconf 69' lang='lat'><em>⁴</em></span> 
     </span>
     <span class='ocr_line' id='line_1_7' title="bbox 460 645 1850 715; baseline 0.005 -28"><span class='ocrx_word' id='word_1_42' title='bbox 460 645 732 700; x_wconf 76' lang='grc' dir='ltr'><strong><em>πρεσβευτάς</em></strong></span> <span class='ocrx_word' id='word_1_43' title='bbox 763 647 875 698; x_wconf 76' lang='grc' dir='ltr'><strong><em>πρὸς</em></strong></span> <span class='ocrx_word' id='word_1_44' title='bbox 898 645 1164 715; x_wconf 84' lang='grc' dir='ltr'><strong><em>Ρωμαίους,</em></strong></span> <span class='ocrx_word' id='word_1_45' title='bbox 1196 650 1239 690; x_wconf 81' lang='grc' dir='ltr'><strong>οἳ</strong></span> <span class='ocrx_word' id='word_1_46' title='bbox 1268 665 1379 691; x_wconf 86' lang='grc' dir='ltr'><strong><em>κατα</em></strong></span> <span class='ocrx_word' id='word_1_47' title='bbox 1409 646 1486 698; x_wconf 76' lang='grc' dir='ltr'><strong>τας</strong></span> <span class='ocrx_word' id='word_1_48' title='bbox 1516 650 1754 704; x_wconf 79' lang='grc' dir='ltr'><strong><em>δεδομένας</em></strong></span> <span class='ocrx_word' id='word_1_49' title='bbox 1783 652 1850 695; x_wconf 79' lang='grc' dir='ltr'><strong><em>ἐν-</em></strong></span> 
     </span>
     <span class='ocr_line' id='line_1_8' title="bbox 459 701 1852 775; baseline 0.004 -30"><span class='ocrx_word' id='word_1_50' title='bbox 459 702 593 753; x_wconf 82' lang='grc' dir='ltr'><strong><em>τολάς</em></strong></span> <span class='ocrx_word' id='word_1_51' title='bbox 631 701 880 773; x_wconf 75' lang='grc' dir='ltr'><strong><em>προῦλεγον</em></strong></span> <span class='ocrx_word' id='word_1_52' title='bbox 919 701 1272 747; x_wconf 73' lang='grc' dir='ltr'><strong><em>ἀπαλλάττεσθαι</em></strong></span> <span class='ocrx_word' id='word_1_53' title='bbox 1317 703 1399 760; x_wconf 77' lang='grc' dir='ltr'><strong><em>τὴν</em></strong></span> <span class='ocrx_word' id='word_1_54' title='bbox 1446 708 1648 775; x_wconf 80' lang='grc' dir='ltr'><em>ταχίστην</em></span> <span class='ocrx_word' id='word_1_55' title='bbox 1691 706 1739 750; x_wconf 81' lang='grc' dir='ltr'><strong>ἐκ</strong></span> <span class='ocrx_word' id='word_1_56' title='bbox 1774 712 1852 764; x_wconf 82' lang='grc' dir='ltr'><strong>τῆς</strong></span> 
     </span>
     <span class='ocr_line' id='line_1_9' title="bbox 459 756 1850 828; baseline 0.004 -27"><span class='ocrx_word' id='word_1_57' title='bbox 459 756 605 828; x_wconf 76' lang='grc' dir='ltr'><strong><em>χώρας</em></strong></span> <span class='ocrx_word' id='word_1_58' title='bbox 633 760 737 814; x_wconf 80' lang='grc' dir='ltr'><strong><em>πρὶν</em></strong></span> <span class='ocrx_word' id='word_1_59' title='bbox 765 758 794 815; x_wconf 83' lang='grc' dir='ltr'><em>ἤ</em></span> <span class='ocrx_word' id='word_1_60' title='bbox 823 777 863 802; x_wconf 92' lang='grc' dir='ltr'><strong>τι</strong></span> <span class='ocrx_word' id='word_1_61' title='bbox 894 765 1073 803; x_wconf 82' lang='grc' dir='ltr'><em>παθεῖν·</em></span> <span class='ocrx_word' id='word_1_62' title='bbox 1114 761 1187 803; x_wconf 80' lang='grc' dir='ltr'><strong>καὶ</strong></span> <span class='ocrx_word' id='word_1_63' title='bbox 1215 778 1300 816; x_wconf 78' lang='grc' dir='ltr'><strong>γαρ</strong></span> <span class='ocrx_word' id='word_1_64' title='bbox 1331 765 1420 804; x_wconf 78' lang='grc' dir='ltr'><strong><em>τῶν</em></strong></span> <span class='ocrx_word' id='word_1_65' title='bbox 1450 761 1593 805; x_wconf 75' lang='grc' dir='ltr'><strong><em>ἄλλων</em></strong></span> <span class='ocrx_word' id='word_1_66' title='bbox 1622 762 1726 814; x_wconf 78' lang='grc' dir='ltr'><strong><em>τοὺς</em></strong></span> <span class='ocrx_word' id='word_1_67' title='bbox 1754 769 1850 807; x_wconf 87' lang='grc' dir='ltr'><strong><em>τολ-</em></strong></span> 
     </span>
     <span class='ocr_line' id='line_1_10' title="bbox 459 815 1849 888; baseline 0.004 -31"><span class='ocrx_word' id='word_1_68' title='bbox 459 815 684 886; x_wconf 83' lang='grc' dir='ltr'><strong><em>μήσαντας</em></strong></span> <span class='ocrx_word' id='word_1_69' title='bbox 721 815 925 871; x_wconf 73' lang='grc' dir='ltr'><strong>ἐμβαλεῖν</strong></span> <span class='ocrx_word' id='word_1_70' title='bbox 965 818 1025 867; x_wconf 86' lang='grc' dir='ltr'><strong>εἰς</strong></span> <span class='ocrx_word' id='word_1_71' title='bbox 1064 816 1217 867; x_wconf 84' lang='grc' dir='ltr'><strong><em>τούςδε</em></strong></span> <span class='ocrx_word' id='word_1_72' title='bbox 1256 817 1424 868; x_wconf 84' lang='grc' dir='ltr'><strong><em>τόπους</em></strong></span> <span class='ocrx_word' id='word_1_73' title='bbox 1452 821 1635 888; x_wconf 76' lang='grc' dir='ltr'><strong><em>πολεμίᾳ</em></strong></span> <span class='ocrx_word' id='word_1_74' title='bbox 1665 818 1849 873; x_wconf 81' lang='grc' dir='ltr'><em>δυνάμει</em></span> 
     </span>
    </p>

    <p class='ocr_par' dir='ltr' id='par_1_4' title="bbox 405 870 1848 1045">
     <span class='ocr_line' id='line_1_11' title="bbox 405 870 1847 946; baseline 0.004 -32"><span class='ocrx_word' id='word_1_75' title='bbox 405 871 628 923; x_wconf 79' lang='grc' dir='ltr'><strong><em>1Οποέντας</em></strong></span> <span class='ocrx_word' id='word_1_76' title='bbox 659 870 946 916; x_wconf 81' lang='grc' dir='ltr'><strong><em>απολωλέναι.</em></strong></span> <span class='ocrx_word' id='word_1_77' title='bbox 978 873 1001 915; x_wconf 89' lang='grc' dir='ltr'>ὁ</span> <span class='ocrx_word' id='word_1_78' title='bbox 1033 874 1079 916; x_wconf 79' lang='grc' dir='ltr'><strong>δὲ</strong></span> <span class='ocrx_word' id='word_1_79' title='bbox 1108 874 1275 925; x_wconf 76' lang='grc' dir='ltr'><strong><em>ὕπατος</em></strong></span> <span class='ocrx_word' id='word_1_80' title='bbox 1304 874 1477 925; x_wconf 82' lang='grc' dir='ltr'><strong>τούτοις</strong></span> <span class='ocrx_word' id='word_1_81' title='bbox 1499 873 1714 946; x_wconf 75' lang='grc' dir='ltr'><strong><em>ἀπεκοίθη</em></strong></span> <span class='ocrx_word' id='word_1_82' title='bbox 1734 876 1847 927; x_wconf 82' lang='grc' dir='ltr'><strong><em>διότι</em></strong></span> 
     </span>
     <span class='ocr_line' id='line_1_12' title="bbox 459 929 1848 1002; baseline 0.004 -30"><span class='ocrx_word' id='word_1_83' title='bbox 459 929 702 973; x_wconf 84' lang='grc' dir='ltr'><strong><em>Λυσιτανοὶ</em></strong></span> <span class='ocrx_word' id='word_1_84' title='bbox 750 930 830 984; x_wconf 79' lang='grc' dir='ltr'><strong><em>μὲν</em></strong></span> <span class='ocrx_word' id='word_1_85' title='bbox 873 930 947 973; x_wconf 82' lang='grc' dir='ltr'><strong>καὶ</strong></span> <span class='ocrx_word' id='word_1_86' title='bbox 986 933 1248 986; x_wconf 76' lang='grc' dir='ltr'><strong><em>Κελτίβηρες</em></strong></span> <span class='ocrx_word' id='word_1_87' title='bbox 1290 930 1475 1002; x_wconf 76' lang='grc' dir='ltr'><strong><em>μάλιστα</em></strong></span> <span class='ocrx_word' id='word_1_88' title='bbox 1516 930 1848 988; x_wconf 79' lang='grc' dir='ltr'><strong><em>ἐπιτηδεύουσιν</em></strong></span> 
     </span>
     <span class='ocr_line' id='line_1_13' title="bbox 459 983 1847 1045; baseline 0.004 -17"><span class='ocrx_word' id='word_1_89' title='bbox 459 983 651 1030; x_wconf 70' lang='grc' dir='ltr'><strong><em>ἀπειλεῖν</em></strong></span> <span class='ocrx_word' id='word_1_90' title='bbox 692 985 859 1042; x_wconf 79' lang='grc' dir='ltr'><strong><em>μεγάλα</em></strong></span> <span class='ocrx_word' id='word_1_91' title='bbox 898 987 971 1030; x_wconf 78' lang='grc' dir='ltr'><strong>καὶ</strong></span> <span class='ocrx_word' id='word_1_92' title='bbox 1001 991 1297 1037; x_wconf 80' lang='grc' dir='ltr'><strong><em>πλεονεκτεῖν,</em></strong></span> <span class='ocrx_word' id='word_1_93' title='bbox 1336 987 1542 1045; x_wconf 85' lang='grc' dir='ltr'><strong><em>Ρωμαῖοι</em></strong></span> <span class='ocrx_word' id='word_1_94' title='bbox 1572 989 1618 1033; x_wconf 79' lang='grc' dir='ltr'><strong>δὲ</strong></span> <span class='ocrx_word' id='word_1_95' title='bbox 1651 990 1847 1044; x_wconf 78' lang='grc' dir='ltr'><strong><em>κολάζειν</em></strong></span> 
     </span>
    </p>
   </div>
   <div class='ocr_carea' id='block_1_4' title="bbox 598 1076 1847 1175">
    <p class='ocr_par' dir='ltr' id='par_1_5' title="bbox 598 1076 1847 1172">
     <span class='ocr_line' id='line_1_14' title="bbox 598 1076 1369 1130; baseline 0 -18"><span class='ocrx_word' id='word_1_96' title='bbox 598 1078 677 1112; x_wconf 84' lang='grc'><strong><em>110.</em></strong></span> <span class='ocrx_word' id='word_1_97' title='bbox 702 1079 735 1112; x_wconf 87' lang='lat'><strong>7.</strong></span> <span class='ocrx_word' id='word_1_98' title='bbox 769 1077 953 1130; x_wconf 74' lang='grc' dir='ltr'><strong><em>ταχίστην]</em></strong></span> <span class='ocrx_word' id='word_1_99' title='bbox 980 1076 1164 1130; x_wconf 80' lang='grc' dir='ltr'><strong><em>ταχύστην</em></strong></span> <span class='ocrx_word' id='word_1_100' title='bbox 1188 1080 1242 1112; x_wconf 76' lang='lat' dir='ltr'><strong>ed.</strong></span> <span class='ocrx_word' id='word_1_101' title='bbox 1268 1081 1369 1113; x_wconf 83' lang='lat' dir='ltr'><strong>Rom.</strong></span> 
     </span>
     <span class='ocr_line' id='line_1_15' title="bbox 598 1092 1847 1175; baseline 0.005 -18"><span class='ocrx_word' id='word_1_102' title='bbox 598 1125 758 1159; x_wconf 78' lang='lat'><strong>110.12.</strong></span> <span class='ocrx_word' id='word_1_103' title='bbox 791 1120 969 1169; x_wconf 74' lang='grc' dir='ltr'><strong><em>ἀπειλεῖν]</em></strong></span> <span class='ocrx_word' id='word_1_104' title='bbox 1005 1126 1091 1159; x_wconf 91' lang='lat' dir='ltr'><strong>Cod.</strong></span> <span class='ocrx_word' id='word_1_105' title='bbox 1117 1123 1346 1160; x_wconf 73' lang='grc' dir='ltr'><strong><em>απολειπεῖν</em></strong></span> <span class='ocrx_word' id='word_1_106' title='bbox 1374 1126 1474 1159; x_wconf 86' lang='grc' dir='ltr'><strong><em>ΜΑΙ.</em></strong></span> <span class='ocrx_word' id='word_1_107' title='bbox 1488 1148 1499 1168; x_wconf 92' lang='grc'><strong><em>,</em></strong></span> <span class='ocrx_word' id='word_1_108' title='bbox 1536 1127 1595 1172; x_wconf 88' lang='lat' dir='ltr'><strong>qui</strong></span> <span class='ocrx_word' id='word_1_109' title='bbox 1627 1092 1728 1162; x_wconf 85' lang='lat' dir='ltr'><strong>dedit</strong></span> <span class='ocrx_word' id='word_1_110' title='bbox 1753 1123 1847 1175; x_wconf 69' lang='grc' dir='ltr'><strong>ἀπο-</strong></span> 
     </span>
    </p>
   </div>
   <div class='ocr_carea' id='block_1_5' title="bbox 501 1170 635 1204">
    <p class='ocr_par' dir='ltr' id='par_1_6' title="bbox 501 1170 635 1204">
     <span class='ocr_line' id='line_1_16' title="bbox 501 1170 635 1204; baseline 0 -1"><span class='ocrx_word' id='word_1_111' title='bbox 501 1170 635 1204; x_wconf 77' lang='grc' dir='ltr'><strong><em>λαλεῖν.</em></strong></span> 
     </span>
    </p>
   </div>
   <div class='ocr_carea' id='block_1_6' title="bbox 436 1259 1847 2874">
    <p class='ocr_par' dir='ltr' id='par_1_7' title="bbox 442 1259 1847 2410">
     <span class='ocr_line' id='line_1_17' title="bbox 549 1259 1847 1305; baseline 0.003 -13"><span class='ocrx_word' id='word_1_112' title='bbox 549 1259 629 1293; x_wconf 85' lang='grc'><strong><em>110.</em></strong></span> <span class='ocrx_word' id='word_1_113' title='bbox 655 1259 688 1293; x_wconf 86' lang='grc'><strong>4.</strong></span> <span class='ocrx_word' id='word_1_114' title='bbox 725 1261 799 1294; x_wconf 85' lang='lat' dir='ltr'><strong>Pax</strong></span> <span class='ocrx_word' id='word_1_115' title='bbox 823 1262 942 1305; x_wconf 82' lang='lat' dir='ltr'><strong>aequis</strong></span> <span class='ocrx_word' id='word_1_116' title='bbox 975 1260 1231 1294; x_wconf 84' lang='lat' dir='ltr'><strong>conditionibus</strong></span> <span class='ocrx_word' id='word_1_117' title='bbox 1262 1272 1341 1295; x_wconf 85' lang='lat' dir='ltr'><strong>cum</strong></span> <span class='ocrx_word' id='word_1_118' title='bbox 1366 1260 1528 1294; x_wconf 67' lang='lat' dir='ltr'><strong>Viriatho</strong></span> <span class='ocrx_word' id='word_1_119' title='bbox 1558 1261 1602 1294; x_wconf 87' lang='lat' dir='ltr'><strong>ab</strong></span> <span class='ocrx_word' id='word_1_120' title='bbox 1635 1261 1847 1305; x_wconf 72' lang='lat' dir='ltr'><strong>imperatore</strong></span> 
     </span>
     <span class='ocr_line' id='line_1_18' title="bbox 454 1305 1847 1350; baseline 0.002 -12"><span class='ocrx_word' id='word_1_121' title='bbox 454 1316 602 1339; x_wconf 81' lang='lat' dir='ltr'><strong>romano</strong></span> <span class='ocrx_word' id='word_1_122' title='bbox 628 1306 721 1339; x_wconf 76' lang='lat' dir='ltr'><strong>faeta</strong></span> <span class='ocrx_word' id='word_1_123' title='bbox 752 1307 834 1340; x_wconf 75' lang='lat' dir='ltr'><strong>satis</strong></span> <span class='ocrx_word' id='word_1_124' title='bbox 860 1314 940 1341; x_wconf 86' lang='lat' dir='ltr'><strong>nota</strong></span> <span class='ocrx_word' id='word_1_125' title='bbox 971 1312 1045 1347; x_wconf 78' lang='lat' dir='ltr'><strong>est3</strong></span> <span class='ocrx_word' id='word_1_126' title='bbox 1081 1319 1170 1350; x_wconf 79' lang='lat' dir='ltr'><strong>quae</strong></span> <span class='ocrx_word' id='word_1_127' title='bbox 1195 1312 1310 1340; x_wconf 80' lang='lat' dir='ltr'><strong>tamen</strong></span> <span class='ocrx_word' id='word_1_128' title='bbox 1337 1318 1518 1340; x_wconf 74' lang='lat' dir='ltr'><strong>romanam</strong></span> <span class='ocrx_word' id='word_1_129' title='bbox 1543 1305 1763 1341; x_wconf 81' lang='lat' dir='ltr'><strong>maiestatem</strong></span> <span class='ocrx_word' id='word_1_130' title='bbox 1786 1320 1847 1341; x_wconf 89' lang='lat' dir='ltr'><strong>ne-</strong></span> 
     </span>
     <span class='ocr_line' id='line_1_19' title="bbox 454 1352 1847 1395; baseline 0.003 -11"><span class='ocrx_word' id='word_1_131' title='bbox 454 1363 630 1395; x_wconf 82' lang='lat' dir='ltr'><strong>quaquam</strong></span> <span class='ocrx_word' id='word_1_132' title='bbox 665 1352 787 1386; x_wconf 80' lang='lat' dir='ltr'><strong>decere</strong></span> <span class='ocrx_word' id='word_1_133' title='bbox 821 1353 897 1388; x_wconf 75' lang='lat' dir='ltr'><strong>visa</strong></span> <span class='ocrx_word' id='word_1_134' title='bbox 932 1358 994 1388; x_wconf 81' lang='lat' dir='ltr'><strong>est.</strong></span> <span class='ocrx_word' id='word_1_135' title='bbox 1042 1353 1166 1387; x_wconf 68' lang='lat' dir='ltr'><strong>Nescio</strong></span> <span class='ocrx_word' id='word_1_136' title='bbox 1191 1358 1307 1386; x_wconf 85' lang='lat' dir='ltr'><strong>tamen</strong></span> <span class='ocrx_word' id='word_1_137' title='bbox 1331 1365 1393 1386; x_wconf 86' lang='lat' dir='ltr'><strong>cur</strong></span> <span class='ocrx_word' id='word_1_138' title='bbox 1418 1353 1593 1386; x_wconf 80' lang='lat' dir='ltr'><strong>Diodorus</strong></span> <span class='ocrx_word' id='word_1_139' title='bbox 1616 1353 1708 1387; x_wconf 80' lang='lat' dir='ltr'><strong>dicat</strong></span> <span class='ocrx_word' id='word_1_140' title='bbox 1734 1354 1847 1388; x_wconf 66' lang='lat' dir='ltr'><strong>Viria-</strong></span> 
     </span>
     <span class='ocr_line' id='line_1_20' title="bbox 453 1399 1847 1443; baseline 0.001 -11"><span class='ocrx_word' id='word_1_141' title='bbox 453 1399 516 1432; x_wconf 83' lang='lat' dir='ltr'><strong>tho</strong></span> <span class='ocrx_word' id='word_1_142' title='bbox 541 1399 696 1431; x_wconf 87' lang='lat' dir='ltr'><strong>oblatam</strong></span> <span class='ocrx_word' id='word_1_143' title='bbox 720 1410 843 1442; x_wconf 81' lang='lat' dir='ltr'><strong>pacem</strong></span> <span class='ocrx_word' id='word_1_144' title='bbox 867 1411 889 1433; x_wconf 84' lang='lat' dir='ltr'><strong>a</strong></span> <span class='ocrx_word' id='word_1_145' title='bbox 913 1399 1074 1443; x_wconf 79' lang='lat' dir='ltr'><strong>Popilio,</strong></span> <span class='ocrx_word' id='word_1_146' title='bbox 1099 1410 1207 1442; x_wconf 89' lang='lat' dir='ltr'><strong>quum</strong></span> <span class='ocrx_word' id='word_1_147' title='bbox 1227 1404 1350 1433; x_wconf 82' lang='lat' dir='ltr'>auctor</span> <span class='ocrx_word' id='word_1_148' title='bbox 1373 1399 1448 1432; x_wconf 84' lang='lat' dir='ltr'><strong>eius</strong></span> <span class='ocrx_word' id='word_1_149' title='bbox 1481 1399 1586 1432; x_wconf 80' lang='lat' dir='ltr'><strong>fuerit</strong></span> <span class='ocrx_word' id='word_1_150' title='bbox 1607 1399 1847 1441; x_wconf 81' lang='lat' dir='ltr'><strong>Servilianus;</strong></span> 
     </span>
     <span class='ocr_line' id='line_1_21' title="bbox 451 1444 1846 1489; baseline 0 -10"><span class='ocrx_word' id='word_1_151' title='bbox 451 1444 610 1487; x_wconf 85' lang='lat' dir='ltr'><strong>Popilius</strong></span> <span class='ocrx_word' id='word_1_152' title='bbox 635 1450 752 1479; x_wconf 88' lang='lat' dir='ltr'><strong>autem</strong></span> <span class='ocrx_word' id='word_1_153' title='bbox 776 1450 853 1489; x_wconf 85' lang='lat' dir='ltr'><strong>post</strong></span> <span class='ocrx_word' id='word_1_154' title='bbox 876 1446 1066 1479; x_wconf 85' lang='lat' dir='ltr'><strong>triennium</strong></span> <span class='ocrx_word' id='word_1_155' title='bbox 1090 1447 1203 1479; x_wconf 81' lang='lat' dir='ltr'><strong>fasces</strong></span> <span class='ocrx_word' id='word_1_156' title='bbox 1225 1446 1388 1479; x_wconf 88' lang='lat' dir='ltr'><strong>tenuerit.</strong></span> <span class='ocrx_word' id='word_1_157' title='bbox 1434 1444 1510 1479; x_wconf 81' lang='lat' dir='ltr'><strong>Nisi</strong></span> <span class='ocrx_word' id='word_1_158' title='bbox 1529 1446 1621 1479; x_wconf 79' lang='lat' dir='ltr'><strong>forte</strong></span> <span class='ocrx_word' id='word_1_159' title='bbox 1643 1446 1846 1489; x_wconf 84' lang='lat' dir='ltr'><strong>posterioris</strong></span> 
     </span>
     <span class='ocr_line' id='line_1_22' title="bbox 452 1490 1845 1536; baseline 0.002 -13"><span class='ocrx_word' id='word_1_160' title='bbox 452 1490 621 1533; x_wconf 76' lang='lat' dir='ltr'><strong>temporis</strong></span> <span class='ocrx_word' id='word_1_161' title='bbox 652 1502 707 1524; x_wconf 83' lang='lat' dir='ltr'><strong>res</strong></span> <span class='ocrx_word' id='word_1_162' title='bbox 741 1496 936 1525; x_wconf 81' lang='lat' dir='ltr'><strong>narrantur.</strong></span> <span class='ocrx_word' id='word_1_163' title='bbox 984 1494 1038 1525; x_wconf 89' lang='lat' dir='ltr'><strong>De</strong></span> <span class='ocrx_word' id='word_1_164' title='bbox 1070 1503 1158 1535; x_wconf 88' lang='lat' dir='ltr'><strong>pace</strong></span> <span class='ocrx_word' id='word_1_165' title='bbox 1182 1491 1296 1535; x_wconf 83' lang='lat' dir='ltr'><strong>prima</strong></span> <span class='ocrx_word' id='word_1_166' title='bbox 1320 1496 1355 1525; x_wconf 85' lang='lat' dir='ltr'><strong>et</strong></span> <span class='ocrx_word' id='word_1_167' title='bbox 1378 1492 1421 1524; x_wconf 90' lang='lat' dir='ltr'><strong>de</strong></span> <span class='ocrx_word' id='word_1_168' title='bbox 1443 1490 1641 1525; x_wconf 80' lang='lat' dir='ltr'><strong>Sei-viliano</strong></span> <span class='ocrx_word' id='word_1_169' title='bbox 1664 1492 1845 1536; x_wconf 76' lang='lat' dir='ltr'><strong>Appianus&#39;</strong></span> 
     </span>
     <span class='ocr_line' id='line_1_23' title="bbox 450 1535 1844 1582; baseline 0.001 -13"><span class='ocrx_word' id='word_1_170' title='bbox 450 1535 543 1580; x_wconf 82' lang='lat' dir='ltr'><strong>hisp.</strong></span> <span class='ocrx_word' id='word_1_171' title='bbox 568 1537 692 1570; x_wconf 85' lang='lat' dir='ltr'>LXIX.</span> <span class='ocrx_word' id='word_1_172' title='bbox 730 1538 829 1572; x_wconf 80' lang='grc' dir='ltr'><strong><em>ΜΑΙ.</em></strong></span> <span class='ocrx_word' id='word_1_173' title='bbox 878 1540 932 1572; x_wconf 87' lang='lat' dir='ltr'><strong>De</strong></span> <span class='ocrx_word' id='word_1_174' title='bbox 956 1538 1000 1581; x_wconf 81' lang='lat' dir='ltr'><strong>Q.</strong></span> <span class='ocrx_word' id='word_1_175' title='bbox 1022 1538 1124 1572; x_wconf 89' lang='lat' dir='ltr'><strong>Fabii</strong></span> <span class='ocrx_word' id='word_1_176' title='bbox 1152 1537 1343 1571; x_wconf 87' lang='lat' dir='ltr'><strong>Serviliani</strong></span> <span class='ocrx_word' id='word_1_177' title='bbox 1365 1549 1455 1582; x_wconf 89' lang='lat' dir='ltr'><strong>pace</strong></span> <span class='ocrx_word' id='word_1_178' title='bbox 1477 1536 1626 1581; x_wconf 86' lang='lat' dir='ltr'><strong>cogitari</strong></span> <span class='ocrx_word' id='word_1_179' title='bbox 1650 1549 1719 1572; x_wconf 89' lang='lat' dir='ltr'><strong>non</strong></span> <span class='ocrx_word' id='word_1_180' title='bbox 1742 1550 1822 1581; x_wconf 86' lang='lat' dir='ltr'><strong>poss</strong></span> <span class='ocrx_word' id='word_1_181' title='bbox 1807 1550 1844 1571; x_wconf 85' lang='lat' dir='ltr'><strong>³e</strong></span> 
     </span>
     <span class='ocr_line' id='line_1_24' title="bbox 450 1581 1844 1638; baseline 0.001 -23"><span class='ocrx_word' id='word_1_182' title='bbox 450 1581 628 1627; x_wconf 77' lang='lat' dir='ltr'><strong>intelliget</strong></span> <span class='ocrx_word' id='word_1_183' title='bbox 654 1583 715 1626; x_wconf 89' lang='lat' dir='ltr'><strong>qui</strong></span> <span class='ocrx_word' id='word_1_184' title='bbox 741 1596 816 1618; x_wconf 88' lang='lat' dir='ltr'><strong>rem</strong></span> <span class='ocrx_word' id='word_1_185' title='bbox 841 1585 1133 1628; x_wconf 82' lang='lat' dir='ltr'><strong>quemadmodum</strong></span> <span class='ocrx_word' id='word_1_186' title='bbox 1158 1584 1251 1627; x_wconf 84' lang='lat' dir='ltr'><strong>apud</strong></span> <span class='ocrx_word' id='word_1_187' title='bbox 1275 1584 1475 1638; x_wconf 75' lang='lat' dir='ltr'><strong>Appianum</strong></span> <span class='ocrx_word' id='word_1_188' title='bbox 1507 1583 1674 1617; x_wconf 73' lang='lat' dir='ltr'><strong>scribitur</strong></span> <span class='ocrx_word' id='word_1_189' title='bbox 1706 1584 1844 1629; x_wconf 82' lang='lat' dir='ltr'><strong>legerit.</strong></span> 
     </span>
     <span class='ocr_line' id='line_1_25' title="bbox 450 1627 1844 1675; baseline 0.002 -13"><span class='ocrx_word' id='word_1_190' title='bbox 450 1627 521 1662; x_wconf 78' lang='lat' dir='ltr'><strong>Se&#39;d</strong></span> <span class='ocrx_word' id='word_1_191' title='bbox 545 1631 746 1672; x_wconf 87' lang='lat' dir='ltr'><strong>ponendum</strong></span> <span class='ocrx_word' id='word_1_192' title='bbox 768 1632 837 1664; x_wconf 89' lang='lat' dir='ltr'><strong>hoc</strong></span> <span class='ocrx_word' id='word_1_193' title='bbox 861 1643 941 1664; x_wconf 89' lang='lat' dir='ltr'><strong>cum</strong></span> <span class='ocrx_word' id='word_1_194' title='bbox 965 1631 1118 1675; x_wconf 90' lang='lat' dir='ltr'><strong>Popillio</strong></span> <span class='ocrx_word' id='word_1_195' title='bbox 1142 1631 1285 1664; x_wconf 83' lang='lat' dir='ltr'><strong>consule</strong></span> <span class='ocrx_word' id='word_1_196' title='bbox 1309 1629 1524 1673; x_wconf 75' lang='lat' dir='ltr'><strong>colloquium</strong></span> <span class='ocrx_word' id='word_1_197' title='bbox 1538 1641 1606 1663; x_wconf 90' lang='lat' dir='ltr'><strong>non</strong></span> <span class='ocrx_word' id='word_1_198' title='bbox 1628 1630 1739 1665; x_wconf 86' lang='lat' dir='ltr'><strong>multo</strong></span> <span class='ocrx_word' id='word_1_199' title='bbox 1763 1635 1844 1665; x_wconf 82' lang='lat' dir='ltr'><strong>ante</strong></span> 
     </span>
     <span class='ocr_line' id='line_1_26' title="bbox 450 1674 1843 1721; baseline 0.001 -13"><span class='ocrx_word' id='word_1_200' title='bbox 450 1674 606 1709; x_wconf 70' lang='lat' dir='ltr'><strong>Viriathi</strong></span> <span class='ocrx_word' id='word_1_201' title='bbox 635 1677 778 1710; x_wconf 88' lang='lat' dir='ltr'><strong>caedem</strong></span> <span class='ocrx_word' id='word_1_202' title='bbox 809 1678 1009 1721; x_wconf 82' lang='lat' dir='ltr'><strong>bellumque</strong></span> <span class='ocrx_word' id='word_1_203' title='bbox 1035 1677 1269 1710; x_wconf 82' lang='lat' dir='ltr'><strong>Viriathinum</strong></span> <span class='ocrx_word' id='word_1_204' title='bbox 1299 1687 1320 1710; x_wconf 88' lang='lat' dir='ltr'><strong>a</strong></span> <span class='ocrx_word' id='word_1_205' title='bbox 1345 1676 1521 1720; x_wconf 80' lang='lat' dir='ltr'>Caepione</span> <span class='ocrx_word' id='word_1_206' title='bbox 1553 1676 1693 1709; x_wconf 85' lang='lat' dir='ltr'><strong>demum</strong></span> <span class='ocrx_word' id='word_1_207' title='bbox 1724 1677 1843 1710; x_wconf 79' lang='lat' dir='ltr'><strong>confe-</strong></span> 
     </span>
     <span class='ocr_line' id='line_1_27' title="bbox 450 1722 1842 1766; baseline 0.002 -13"><span class='ocrx_word' id='word_1_208' title='bbox 450 1726 558 1755; x_wconf 84' lang='lat' dir='ltr'><strong>ctum.</strong></span> <span class='ocrx_word' id='word_1_209' title='bbox 615 1722 667 1755; x_wconf 84' lang='lat' dir='ltr'><strong>Ac</strong></span> <span class='ocrx_word' id='word_1_210' title='bbox 701 1723 794 1766; x_wconf 81' lang='lat' dir='ltr'><strong>pacis</strong></span> <span class='ocrx_word' id='word_1_211' title='bbox 780 1728 930 1756; x_wconf 81' lang='lat' dir='ltr'><strong>³centem</strong></span> <span class='ocrx_word' id='word_1_212' title='bbox 971 1735 1053 1756; x_wconf 84' lang='lat' dir='ltr'><strong>cum</strong></span> <span class='ocrx_word' id='word_1_213' title='bbox 1086 1723 1237 1766; x_wconf 88' lang='lat' dir='ltr'><strong>Popillio</strong></span> <span class='ocrx_word' id='word_1_214' title='bbox 1271 1722 1473 1756; x_wconf 76' lang='lat' dir='ltr'><strong>Viriathum</strong></span> <span class='ocrx_word' id='word_1_215' title='bbox 1505 1725 1700 1756; x_wconf 84' lang='lat' dir='ltr'><strong>memorant</strong></span> <span class='ocrx_word' id='word_1_216' title='bbox 1733 1722 1842 1757; x_wconf 90' lang='lat' dir='ltr'><strong>etiam</strong></span> 
     </span>
     <span class='ocr_line' id='line_1_28' title="bbox 450 1767 1847 1812; baseline 0.001 -11"><span class='ocrx_word' id='word_1_217' title='bbox 450 1767 591 1801; x_wconf 83' lang='lat' dir='ltr'><strong>Cassius</strong></span> <span class='ocrx_word' id='word_1_218' title='bbox 615 1768 682 1801; x_wconf 84' lang='lat' dir='ltr'><strong>nio</strong></span> <span class='ocrx_word' id='word_1_219' title='bbox 706 1769 791 1804; x_wconf 84' lang='lat' dir='ltr'><strong>Exc.</strong></span> <span class='ocrx_word' id='word_1_220' title='bbox 814 1770 925 1803; x_wconf 52' lang='lat' dir='ltr'><strong>irsin.</strong></span> <span class='ocrx_word' id='word_1_221' title='bbox 953 1770 1106 1803; x_wconf 84' lang='lat' dir='ltr'>CLXIII.</span> <span class='ocrx_word' id='word_1_222' title='bbox 1133 1781 1165 1812; x_wconf 89' lang='lat' dir='ltr'><strong>p.</strong></span> <span class='ocrx_word' id='word_1_223' title='bbox 1187 1768 1244 1802; x_wconf 80' lang='lat'><strong>68.</strong></span> <span class='ocrx_word' id='word_1_224' title='bbox 1269 1768 1326 1802; x_wconf 84' lang='lat'><strong>81.</strong></span> <span class='ocrx_word' id='word_1_225' title='bbox 1361 1769 1413 1802; x_wconf 87' lang='lat' dir='ltr'><strong>ed.</strong></span> <span class='ocrx_word' id='word_1_226' title='bbox 1446 1768 1585 1808; x_wconf 88' lang='lat' dir='ltr'><strong>Reim.,</strong></span> <span class='ocrx_word' id='word_1_227' title='bbox 1619 1767 1767 1812; x_wconf 80' lang='lat' dir='ltr'><strong>scriptor</strong></span> <span class='ocrx_word' id='word_1_228' title='bbox 1797 1767 1847 1803; x_wconf 77' lang='lat' dir='ltr'><strong>(le¹</strong></span> 
     </span>
     <span class='ocr_line' id='line_1_29' title="bbox 448 1812 1842 1859; baseline 0.001 -13"><span class='ocrx_word' id='word_1_229' title='bbox 448 1812 535 1847; x_wconf 65' lang='lat' dir='ltr'><strong>viris</strong></span> <span class='ocrx_word' id='word_1_230' title='bbox 560 1813 612 1848; x_wconf 91' lang='lat' dir='ltr'><strong>ill.</strong></span> <span class='ocrx_word' id='word_1_231' title='bbox 638 1826 669 1850; x_wconf 91' lang='lat' dir='ltr'><strong>c.</strong></span> <span class='ocrx_word' id='word_1_232' title='bbox 689 1815 746 1850; x_wconf 94' lang='grc'><strong>71.</strong></span> <span class='ocrx_word' id='word_1_233' title='bbox 737 1840 769 1858; x_wconf 90' lang='grc'><strong>.,</strong></span> <span class='ocrx_word' id='word_1_234' title='bbox 794 1820 829 1848; x_wconf 85' lang='lat' dir='ltr'><strong>et</strong></span> <span class='ocrx_word' id='word_1_235' title='bbox 852 1817 912 1859; x_wconf 88' lang='lat' dir='ltr'><strong>qui</strong></span> <span class='ocrx_word' id='word_1_236' title='bbox 936 1816 1157 1849; x_wconf 78' lang='lat' dir='ltr'><strong>interfectum</strong></span> <span class='ocrx_word' id='word_1_237' title='bbox 1181 1815 1288 1849; x_wconf 84' lang='lat' dir='ltr'><strong>etiam</strong></span> <span class='ocrx_word' id='word_1_238' title='bbox 1314 1827 1335 1848; x_wconf 93' lang='lat' dir='ltr'><strong>a</strong></span> <span class='ocrx_word' id='word_1_239' title='bbox 1356 1815 1511 1859; x_wconf 87' lang='lat' dir='ltr'><strong>Popillio</strong></span> <span class='ocrx_word' id='word_1_240' title='bbox 1541 1814 1627 1848; x_wconf 84' lang='lat' dir='ltr'><strong>dicit</strong></span> <span class='ocrx_word' id='word_1_241' title='bbox 1649 1815 1776 1849; x_wconf 89' lang='lat' dir='ltr'><strong>Florus</strong></span> <span class='ocrx_word' id='word_1_242' title='bbox 1794 1815 1842 1848; x_wconf 89' lang='grc' dir='ltr'><strong>ΙΙ.</strong></span> 
     </span>
     <span class='ocr_line' id='line_1_30' title="bbox 447 1860 1842 1906; baseline 0.001 -13"><span class='ocrx_word' id='word_1_243' title='bbox 447 1860 599 1894; x_wconf 86' lang='grc'><strong><em>17.17.</em></strong></span> <span class='ocrx_word' id='word_1_244' title='bbox 647 1861 744 1903; x_wconf 82' lang='lat' dir='ltr'><strong>Quos</strong></span> <span class='ocrx_word' id='word_1_245' title='bbox 777 1872 896 1895; x_wconf 85' lang='lat' dir='ltr'><strong>omnes</strong></span> <span class='ocrx_word' id='word_1_246' title='bbox 928 1862 1056 1896; x_wconf 86' lang='lat' dir='ltr'><strong>erroris</strong></span> <span class='ocrx_word' id='word_1_247' title='bbox 1093 1862 1212 1906; x_wconf 80' lang='lat' dir='ltr'><strong>arguit</strong></span> <span class='ocrx_word' id='word_1_248' title='bbox 1240 1862 1454 1903; x_wconf 81' lang='lat' dir='ltr'><strong>Reimarus,</strong></span> <span class='ocrx_word' id='word_1_249' title='bbox 1488 1861 1681 1904; x_wconf 84' lang='lat' dir='ltr'><strong>Popillium</strong></span> <span class='ocrx_word' id='word_1_250' title='bbox 1713 1861 1759 1894; x_wconf 89' lang='lat' dir='ltr'><strong>ab</strong></span> <span class='ocrx_word' id='word_1_251' title='bbox 1790 1860 1842 1895; x_wconf 82' lang='lat' dir='ltr'><strong>eis</strong></span> 
     </span>
     <span class='ocr_line' id='line_1_31' title="bbox 446 1887 1839 1952; baseline 0.001 -14"><span class='ocrx_word' id='word_1_252' title='bbox 446 1905 578 1949; x_wconf 85' lang='lat' dir='ltr'><strong>partim</strong></span> <span class='ocrx_word' id='word_1_253' title='bbox 611 1918 692 1939; x_wconf 86' lang='lat' dir='ltr'><strong>cum</strong></span> <span class='ocrx_word' id='word_1_254' title='bbox 716 1908 913 1942; x_wconf 87' lang='lat' dir='ltr'><strong>Serviliauo</strong></span> <span class='ocrx_word' id='word_1_255' title='bbox 945 1908 1074 1952; x_wconf 82' lang='lat' dir='ltr'><strong>partim</strong></span> <span class='ocrx_word' id='word_1_256' title='bbox 1107 1919 1187 1941; x_wconf 90' lang='lat' dir='ltr'><strong>cum</strong></span> <span class='ocrx_word' id='word_1_257' title='bbox 1212 1907 1388 1951; x_wconf 85' lang='lat' dir='ltr'><strong>Caepione</strong></span> <span class='ocrx_word' id='word_1_258' title='bbox 1419 1887 1538 1940; x_wconf 81' lang='lat' dir='ltr'><strong>c6nfus</strong></span> <span class='ocrx_word' id='word_1_259' title='bbox 1541 1919 1601 1940; x_wconf 92' lang='lat' dir='ltr'><strong>um</strong></span> <span class='ocrx_word' id='word_1_260' title='bbox 1635 1906 1839 1941; x_wconf 76' lang='lat' dir='ltr'><strong>arbitratus.</strong></span> 
     </span>
     <span class='ocr_line' id='line_1_32' title="bbox 447 1952 1841 1998; baseline 0.001 -14"><span class='ocrx_word' id='word_1_261' title='bbox 447 1952 517 1985; x_wconf 85' lang='lat' dir='ltr'><strong>Sed</strong></span> <span class='ocrx_word' id='word_1_262' title='bbox 542 1952 760 1987; x_wconf 88' lang='lat' dir='ltr'><strong>Servilianae</strong></span> <span class='ocrx_word' id='word_1_263' title='bbox 791 1954 931 1997; x_wconf 83' lang='lat' dir='ltr'><strong>quidem</strong></span> <span class='ocrx_word' id='word_1_264' title='bbox 960 1954 1038 1998; x_wconf 89' lang='lat' dir='ltr'><strong>paci</strong></span> <span class='ocrx_word' id='word_1_265' title='bbox 1062 1955 1201 1997; x_wconf 82' lang='lat' dir='ltr'><strong>qualem</strong></span> <span class='ocrx_word' id='word_1_266' title='bbox 1226 1953 1402 1997; x_wconf 79' lang='lat' dir='ltr'><strong>Appianus</strong></span> <span class='ocrx_word' id='word_1_267' title='bbox 1426 1958 1544 1987; x_wconf 85' lang='lat' dir='ltr'><strong>narrat</strong></span> <span class='ocrx_word' id='word_1_268' title='bbox 1567 1952 1688 1986; x_wconf 86' lang='lat' dir='ltr'><strong>Dionis</strong></span> <span class='ocrx_word' id='word_1_269' title='bbox 1712 1957 1745 1986; x_wconf 84' lang='lat' dir='ltr'><strong>et</strong></span> <span class='ocrx_word' id='word_1_270' title='bbox 1768 1953 1841 1986; x_wconf 82' lang='lat' dir='ltr'><strong>Au-</strong></span> 
     </span>
     <span class='ocr_line' id='line_1_33' title="bbox 445 1997 1842 2044; baseline 0.001 -13"><span class='ocrx_word' id='word_1_271' title='bbox 445 1997 527 2032; x_wconf 81' lang='lat' dir='ltr'><strong>relii</strong></span> <span class='ocrx_word' id='word_1_272' title='bbox 550 2010 618 2031; x_wconf 83' lang='lat' dir='ltr'><strong>non</strong></span> <span class='ocrx_word' id='word_1_273' title='bbox 653 2000 768 2044; x_wconf 83' lang='lat' dir='ltr'><strong>magis</strong></span> <span class='ocrx_word' id='word_1_274' title='bbox 799 2012 906 2043; x_wconf 88' lang='lat' dir='ltr'><strong>quam</strong></span> <span class='ocrx_word' id='word_1_275' title='bbox 929 2001 1077 2034; x_wconf 86' lang='lat' dir='ltr'><strong>Diodori</strong></span> <span class='ocrx_word' id='word_1_276' title='bbox 1099 2000 1318 2033; x_wconf 82' lang='lat' dir='ltr'><strong>narrationes</strong></span> <span class='ocrx_word' id='word_1_277' title='bbox 1342 1999 1567 2033; x_wconf 86' lang='lat' dir='ltr'><strong>conveniunt.</strong></span> <span class='ocrx_word' id='word_1_278' title='bbox 1599 1999 1642 2032; x_wconf 86' lang='lat' dir='ltr'><strong>de</strong></span> <span class='ocrx_word' id='word_1_279' title='bbox 1666 1998 1842 2041; x_wconf 78' lang='lat' dir='ltr'><strong>Caepione</strong></span> 
     </span>
     <span class='ocr_line' id='line_1_34' title="bbox 447 2044 1840 2090; baseline 0 -13"><span class='ocrx_word' id='word_1_280' title='bbox 447 2048 564 2078; x_wconf 82' lang='lat' dir='ltr'><strong>autem</strong></span> <span class='ocrx_word' id='word_1_281' title='bbox 588 2046 682 2088; x_wconf 84' lang='lat' dir='ltr'><strong>apud</strong></span> <span class='ocrx_word' id='word_1_282' title='bbox 709 2047 903 2080; x_wconf 88' lang='lat' dir='ltr'><strong>Diodorum</strong></span> <span class='ocrx_word' id='word_1_283' title='bbox 931 2046 1080 2090; x_wconf 75' lang='lat' dir='ltr'><strong>cogitari</strong></span> <span class='ocrx_word' id='word_1_284' title='bbox 1104 2057 1173 2079; x_wconf 87' lang='lat' dir='ltr'><strong>non</strong></span> <span class='ocrx_word' id='word_1_285' title='bbox 1204 2046 1307 2087; x_wconf 86' lang='lat' dir='ltr'><strong>licet,</strong></span> <span class='ocrx_word' id='word_1_286' title='bbox 1338 2045 1398 2089; x_wconf 86' lang='lat' dir='ltr'><strong>qui</strong></span> <span class='ocrx_word' id='word_1_287' title='bbox 1422 2057 1563 2079; x_wconf 87' lang='lat' dir='ltr'><strong>caesum</strong></span> <span class='ocrx_word' id='word_1_288' title='bbox 1587 2046 1632 2078; x_wconf 91' lang='lat' dir='ltr'><strong>ab</strong></span> <span class='ocrx_word' id='word_1_289' title='bbox 1657 2055 1699 2078; x_wconf 90' lang='lat' dir='ltr'><strong>eo</strong></span> <span class='ocrx_word' id='word_1_290' title='bbox 1723 2044 1840 2078; x_wconf 89' lang='lat' dir='ltr'><strong>Viria-</strong></span> 
     </span>
     <span class='ocr_line' id='line_1_35' title="bbox 445 2090 1838 2136; baseline 0 -12"><span class='ocrx_word' id='word_1_291' title='bbox 445 2090 550 2124; x_wconf 81' lang='lat' dir='ltr'><strong>thum</strong></span> <span class='ocrx_word' id='word_1_292' title='bbox 573 2092 733 2134; x_wconf 80' lang='lat' dir='ltr'><strong>perhibet</strong></span> <span class='ocrx_word' id='word_1_293' title='bbox 756 2093 807 2136; x_wconf 87' lang='lat' dir='ltr'><strong>ips</strong></span> <span class='ocrx_word' id='word_1_294' title='bbox 794 2105 830 2126; x_wconf 87' lang='lat' dir='ltr'><strong>³e</strong></span> <span class='ocrx_word' id='word_1_295' title='bbox 854 2094 938 2127; x_wconf 79' lang='lat' dir='ltr'><strong>Exc.</strong></span> <span class='ocrx_word' id='word_1_296' title='bbox 956 2093 1076 2126; x_wconf 82' lang='lat' dir='ltr'><strong>Photii</strong></span> <span class='ocrx_word' id='word_1_297' title='bbox 1100 2104 1133 2136; x_wconf 89' lang='lat' dir='ltr'><strong>p.</strong></span> <span class='ocrx_word' id='word_1_298' title='bbox 1156 2091 1236 2125; x_wconf 72' lang='lat'><strong>524.</strong></span> <span class='ocrx_word' id='word_1_299' title='bbox 1285 2092 1388 2135; x_wconf 83' lang='lat' dir='ltr'><strong>Quod</strong></span> <span class='ocrx_word' id='word_1_300' title='bbox 1410 2091 1548 2125; x_wconf 75' lang='lat' dir='ltr'><strong>iacinus</strong></span> <span class='ocrx_word' id='word_1_301' title='bbox 1571 2090 1600 2124; x_wconf 86' lang='lat' dir='ltr'><strong>si</strong></span> <span class='ocrx_word' id='word_1_302' title='bbox 1625 2102 1646 2124; x_wconf 93' lang='lat' dir='ltr'><strong>a</strong></span> <span class='ocrx_word' id='word_1_303' title='bbox 1663 2090 1838 2133; x_wconf 81' lang='lat' dir='ltr'><strong>Caepione</strong></span> 
     </span>
     <span class='ocr_line' id='line_1_36' title="bbox 446 2136 1835 2182; baseline 0.001 -14"><span class='ocrx_word' id='word_1_304' title='bbox 446 2138 666 2180; x_wconf 81' lang='lat' dir='ltr'><strong>proconsule,</strong></span> <span class='ocrx_word' id='word_1_305' title='bbox 688 2149 757 2171; x_wconf 89' lang='lat' dir='ltr'><strong>non</strong></span> <span class='ocrx_word' id='word_1_306' title='bbox 781 2140 934 2179; x_wconf 86' lang='lat' dir='ltr'><strong>consule,</strong></span> <span class='ocrx_word' id='word_1_307' title='bbox 958 2143 1194 2182; x_wconf 86' lang='lat' dir='ltr'><strong>perpetratum</strong></span> <span class='ocrx_word' id='word_1_308' title='bbox 1217 2138 1381 2171; x_wconf 69' lang='lat' dir='ltr'><strong>statuitur</strong></span> <span class='ocrx_word' id='word_1_309' title='bbox 1404 2149 1483 2170; x_wconf 91' lang='lat' dir='ltr'><strong>cum</strong></span> <span class='ocrx_word' id='word_1_310' title='bbox 1501 2136 1632 2181; x_wconf 86' lang='lat' dir='ltr'><strong>Pighio</strong></span> <span class='ocrx_word' id='word_1_311' title='bbox 1652 2136 1778 2170; x_wconf 82' lang='lat' dir='ltr'><strong>Annal.</strong></span> <span class='ocrx_word' id='word_1_312' title='bbox 1801 2147 1835 2170; x_wconf 78' lang='lat' dir='ltr'><strong>a.</strong></span> 
     </span>
     <span class='ocr_line' id='line_1_37' title="bbox 446 2182 1837 2227; baseline 0 -12"><span class='ocrx_word' id='word_1_313' title='bbox 446 2183 614 2223; x_wconf 64' lang='lat' dir='ltr'><strong>Dcxlv„</strong></span> <span class='ocrx_word' id='word_1_314' title='bbox 637 2184 811 2218; x_wconf 84' lang='lat' dir='ltr'><strong>evanescit</strong></span> <span class='ocrx_word' id='word_1_315' title='bbox 828 2185 914 2218; x_wconf 89' lang='lat' dir='ltr'><strong>illud</strong></span> <span class='ocrx_word' id='word_1_316' title='bbox 939 2185 1081 2218; x_wconf 79' lang='lat' dir='ltr'><strong>absurdi</strong></span> <span class='ocrx_word' id='word_1_317' title='bbox 1099 2196 1167 2227; x_wconf 90' lang='lat' dir='ltr'><strong>quo</strong></span> <span class='ocrx_word' id='word_1_318' title='bbox 1186 2184 1222 2216; x_wconf 90' lang='lat' dir='ltr'><strong>in</strong></span> <span class='ocrx_word' id='word_1_319' title='bbox 1239 2183 1362 2217; x_wconf 85' lang='lat' dir='ltr'><strong>Dionis</strong></span> <span class='ocrx_word' id='word_1_320' title='bbox 1378 2183 1579 2216; x_wconf 79' lang='lat' dir='ltr'><strong>narratione</strong></span> <span class='ocrx_word' id='word_1_321' title='bbox 1595 2182 1837 2215; x_wconf 80' lang='lat' dir='ltr'><strong>offendebatur</strong></span> 
     </span>
     <span class='ocr_line' id='line_1_38' title="bbox 442 2227 1836 2273; baseline 0 -12"><span class='ocrx_word' id='word_1_322' title='bbox 442 2227 646 2271; x_wconf 81' lang='lat' dir='ltr'><strong>Reimarus,</strong></span> <span class='ocrx_word' id='word_1_323' title='bbox 670 2230 911 2273; x_wconf 83' lang='lat' dir='ltr'><strong>colloquutum</strong></span> <span class='ocrx_word' id='word_1_324' title='bbox 929 2242 1002 2264; x_wconf 90' lang='lat' dir='ltr'><strong>esse</strong></span> <span class='ocrx_word' id='word_1_325' title='bbox 1015 2230 1215 2263; x_wconf 75' lang='lat' dir='ltr'><strong>Viriathum</strong></span> <span class='ocrx_word' id='word_1_326' title='bbox 1233 2241 1313 2262; x_wconf 88' lang='lat' dir='ltr'><strong>cum</strong></span> <span class='ocrx_word' id='word_1_327' title='bbox 1326 2228 1478 2272; x_wconf 84' lang='lat' dir='ltr'><strong>Popillio</strong></span> <span class='ocrx_word' id='word_1_328' title='bbox 1494 2229 1636 2261; x_wconf 89' lang='lat' dir='ltr'><strong>consule</strong></span> <span class='ocrx_word' id='word_1_329' title='bbox 1654 2229 1737 2261; x_wconf 88' lang='lat' dir='ltr'><strong>anni</strong></span> <span class='ocrx_word' id='word_1_330' title='bbox 1752 2228 1836 2273; x_wconf 48' lang='lat' dir='ltr'><strong>(il-22,</strong></span> 
     </span>
     <span class='ocr_line' id='line_1_39' title="bbox 445 2275 1835 2319; baseline 0 -12"><span class='ocrx_word' id='word_1_331' title='bbox 445 2285 587 2308; x_wconf 88' lang='lat' dir='ltr'><strong>caesum</strong></span> <span class='ocrx_word' id='word_1_332' title='bbox 611 2280 726 2309; x_wconf 82' lang='lat' dir='ltr'><strong>autem</strong></span> <span class='ocrx_word' id='word_1_333' title='bbox 750 2288 771 2309; x_wconf 87' lang='lat' dir='ltr'><strong>a</strong></span> <span class='ocrx_word' id='word_1_334' title='bbox 797 2276 970 2319; x_wconf 83' lang='lat' dir='ltr'><strong>Caepione</strong></span> <span class='ocrx_word' id='word_1_335' title='bbox 995 2276 1054 2319; x_wconf 91' lang='lat' dir='ltr'><strong>qui</strong></span> <span class='ocrx_word' id='word_1_336' title='bbox 1084 2277 1204 2309; x_wconf 83' lang='lat' dir='ltr'><strong>consul</strong></span> <span class='ocrx_word' id='word_1_337' title='bbox 1227 2275 1295 2308; x_wconf 82' lang='lat' dir='ltr'><strong>fuit</strong></span> <span class='ocrx_word' id='word_1_338' title='bbox 1319 2286 1352 2310; x_wconf 84' lang='lat' dir='ltr'><strong>a.</strong></span> <span class='ocrx_word' id='word_1_339' title='bbox 1375 2276 1455 2318; x_wconf 63' lang='lat'><strong>613.</strong></span> <span class='ocrx_word' id='word_1_340' title='bbox 1503 2275 1594 2308; x_wconf 74' lang='lat' dir='ltr'><strong>Nam</strong></span> <span class='ocrx_word' id='word_1_341' title='bbox 1619 2285 1710 2317; x_wconf 83' lang='lat' dir='ltr'><strong>quae</strong></span> <span class='ocrx_word' id='word_1_342' title='bbox 1732 2285 1835 2318; x_wconf 85' lang='lat' dir='ltr'><strong>prae-</strong></span> 
     </span>
     <span class='ocr_line' id='line_1_40' title="bbox 443 2320 1836 2356; baseline 0 -2"><span class='ocrx_word' id='word_1_343' title='bbox 443 2324 541 2354; x_wconf 80' lang='lat' dir='ltr'><strong>terea</strong></span> <span class='ocrx_word' id='word_1_344' title='bbox 564 2320 669 2355; x_wconf 90' lang='lat' dir='ltr'><strong>Dioni</strong></span> <span class='ocrx_word' id='word_1_345' title='bbox 700 2322 828 2356; x_wconf 86' lang='lat' dir='ltr'><strong>obiecit</strong></span> <span class='ocrx_word' id='word_1_346' title='bbox 851 2323 1026 2356; x_wconf 78' lang='lat' dir='ltr'><strong>Beckerus</strong></span> <span class='ocrx_word' id='word_1_347' title='bbox 1049 2322 1085 2355; x_wconf 93' lang='lat' dir='ltr'><strong>in</strong></span> <span class='ocrx_word' id='word_1_348' title='bbox 1107 2321 1400 2355; x_wconf 82' lang='lat' dir='ltr'><strong>commentatione</strong></span> <span class='ocrx_word' id='word_1_349' title='bbox 1422 2323 1466 2355; x_wconf 85' lang='lat' dir='ltr'><strong>de</strong></span> <span class='ocrx_word' id='word_1_350' title='bbox 1488 2320 1652 2355; x_wconf 76' lang='lat' dir='ltr'><strong>Viriatho</strong></span> <span class='ocrx_word' id='word_1_351' title='bbox 1675 2323 1711 2355; x_wconf 86' lang='lat' dir='ltr'><strong>et</strong></span> <span class='ocrx_word' id='word_1_352' title='bbox 1732 2320 1836 2355; x_wconf 85' lang='lat' dir='ltr'><strong>Lusi-</strong></span> 
     </span>
     <span class='ocr_line' id='line_1_41' title="bbox 444 2366 1050 2410; baseline 0.002 -10"><span class='ocrx_word' id='word_1_353' title='bbox 444 2366 536 2401; x_wconf 75' lang='lat' dir='ltr'><strong>tanis</strong></span> <span class='ocrx_word' id='word_1_354' title='bbox 560 2379 594 2410; x_wconf 93' lang='lat' dir='ltr'><strong>p.</strong></span> <span class='ocrx_word' id='word_1_355' title='bbox 614 2367 693 2403; x_wconf 84' lang='lat'><strong>128.</strong></span> <span class='ocrx_word' id='word_1_356' title='bbox 718 2368 833 2402; x_wconf 85' lang='lat' dir='ltr'><strong>minus</strong></span> <span class='ocrx_word' id='word_1_357' title='bbox 856 2369 889 2402; x_wconf 91' lang='lat' dir='ltr'><strong>ei</strong></span> <span class='ocrx_word' id='word_1_358' title='bbox 913 2369 1050 2402; x_wconf 85' lang='lat' dir='ltr'><strong>obsunt.</strong></span> 
     </span>
    </p>

    <p class='ocr_par' dir='ltr' id='par_1_8' title="bbox 439 2412 1833 2874">
     <span class='ocr_line' id='line_1_42' title="bbox 537 2412 1832 2461; baseline -0.001 -15"><span class='ocrx_word' id='word_1_359' title='bbox 537 2413 618 2447; x_wconf 83' lang='lat'><strong>11⁰.</strong></span> <span class='ocrx_word' id='word_1_360' title='bbox 641 2413 676 2448; x_wconf 84' lang='lat'><strong>5.</strong></span> <span class='ocrx_word' id='word_1_361' title='bbox 713 2413 958 2461; x_wconf 81' lang='grc' dir='ltr'><strong><em>Κόντονβρις]</em></strong></span> <span class='ocrx_word' id='word_1_362' title='bbox 995 2416 1086 2448; x_wconf 90' lang='lat' dir='ltr'><strong>Puto</strong></span> <span class='ocrx_word' id='word_1_363' title='bbox 1120 2412 1387 2459; x_wconf 85' lang='lat' dir='ltr'><strong>intelligendam</strong></span> <span class='ocrx_word' id='word_1_364' title='bbox 1418 2413 1544 2446; x_wconf 90' lang='lat' dir='ltr'><strong>urbem</strong></span> <span class='ocrx_word' id='word_1_365' title='bbox 1581 2412 1832 2454; x_wconf 78' lang='lat' dir='ltr'><strong>Centobricam,</strong></span> 
     </span>
     <span class='ocr_line' id='line_1_43' title="bbox 440 2458 1832 2504; baseline 0.001 -13"><span class='ocrx_word' id='word_1_366' title='bbox 440 2458 493 2492; x_wconf 83' lang='lat' dir='ltr'><strong>uti</strong></span> <span class='ocrx_word' id='word_1_367' title='bbox 517 2469 597 2493; x_wconf 90' lang='lat' dir='ltr'><strong>eam</strong></span> <span class='ocrx_word' id='word_1_368' title='bbox 628 2461 785 2504; x_wconf 84' lang='lat' dir='ltr'><strong>appellat</strong></span> <span class='ocrx_word' id='word_1_369' title='bbox 807 2462 966 2495; x_wconf 44' lang='lat' dir='ltr'><strong>§alerius</strong></span> <span class='ocrx_word' id='word_1_370' title='bbox 989 2462 1087 2495; x_wconf 84' lang='lat' dir='ltr'><strong>Max.</strong></span> <span class='ocrx_word' id='word_1_371' title='bbox 1110 2461 1165 2502; x_wconf 90' lang='lat' dir='ltr'><strong>V,</strong></span> <span class='ocrx_word' id='word_1_372' title='bbox 1197 2461 1230 2494; x_wconf 88' lang='lat'><strong>1.</strong></span> <span class='ocrx_word' id='word_1_373' title='bbox 1254 2458 1288 2494; x_wconf 86' lang='lat'><strong>5.</strong></span> <span class='ocrx_word' id='word_1_374' title='bbox 1336 2459 1503 2503; x_wconf 86' lang='lat' dir='ltr'><strong>Cogitare</strong></span> <span class='ocrx_word' id='word_1_375' title='bbox 1535 2458 1644 2493; x_wconf 89' lang='lat' dir='ltr'><strong>etiam</strong></span> <span class='ocrx_word' id='word_1_376' title='bbox 1675 2458 1757 2492; x_wconf 82' lang='lat' dir='ltr'><strong>licet</strong></span> <span class='ocrx_word' id='word_1_377' title='bbox 1788 2458 1832 2492; x_wconf 87' lang='lat' dir='ltr'><strong>de</strong></span> 
     </span>
     <span class='ocr_line' id='line_1_44' title="bbox 440 2485 1833 2558; baseline -0.001 -20"><span class='ocrx_word' id='word_1_378' title='bbox 440 2505 639 2539; x_wconf 83' lang='lat' dir='ltr'><strong>nominibus</strong></span> <span class='ocrx_word' id='word_1_379' title='bbox 668 2507 871 2542; x_wconf 78' lang='lat' dir='ltr'><strong>Contributa</strong></span> <span class='ocrx_word' id='word_1_380' title='bbox 894 2512 929 2541; x_wconf 85' lang='lat' dir='ltr'><strong>et</strong></span> <span class='ocrx_word' id='word_1_381' title='bbox 958 2507 1151 2540; x_wconf 80' lang='lat' dir='ltr'><strong>Contrebia.</strong></span> <span class='ocrx_word' id='word_1_382' title='bbox 1199 2506 1229 2539; x_wconf 90' lang='lat' dir='ltr'>A</span> <span class='ocrx_word' id='word_1_383' title='bbox 1252 2485 1410 2539; x_wconf 63' lang='lat' dir='ltr'><strong>xalerio⁶</strong></span> <span class='ocrx_word' id='word_1_384' title='bbox 1426 2516 1551 2538; x_wconf 88' lang='lat' dir='ltr'><strong>nomen</strong></span> <span class='ocrx_word' id='word_1_385' title='bbox 1575 2516 1713 2558; x_wconf 70' lang='lat' dir='ltr'><strong>quoque</strong></span> <span class='ocrx_word' id='word_1_386' title='bbox 1747 2515 1833 2537; x_wconf 88' lang='lat' dir='ltr'><strong>con-</strong></span> 
     </span>
     <span class='ocr_line' id='line_1_45' title="bbox 440 2550 1831 2597; baseline -0.001 -13"><span class='ocrx_word' id='word_1_387' title='bbox 440 2551 528 2585; x_wconf 83' lang='lat' dir='ltr'><strong>sulis</strong></span> <span class='ocrx_word' id='word_1_388' title='bbox 551 2551 717 2586; x_wconf 80' lang='lat' dir='ltr'><strong>discimus</strong></span> <span class='ocrx_word' id='word_1_389' title='bbox 731 2579 741 2596; x_wconf 94' lang='lat'>‚</span> <span class='ocrx_word' id='word_1_390' title='bbox 767 2553 827 2597; x_wconf 90' lang='lat' dir='ltr'><strong>qui</strong></span> <span class='ocrx_word' id='word_1_391' title='bbox 849 2553 1015 2587; x_wconf 89' lang='lat' dir='ltr'><strong>nimirum</strong></span> <span class='ocrx_word' id='word_1_392' title='bbox 1036 2554 1149 2586; x_wconf 79' lang='lat' dir='ltr'><strong>fasces</strong></span> <span class='ocrx_word' id='word_1_393' title='bbox 1167 2563 1256 2586; x_wconf 91' lang='lat' dir='ltr'><strong>anno</strong></span> <span class='ocrx_word' id='word_1_394' title='bbox 1276 2551 1372 2585; x_wconf 85' lang='lat' dir='ltr'><strong>urbis</strong></span> <span class='ocrx_word' id='word_1_395' title='bbox 1391 2551 1511 2585; x_wconf 82' lang='lat' dir='ltr'><strong>DCXI.</strong></span> <span class='ocrx_word' id='word_1_396' title='bbox 1537 2550 1665 2584; x_wconf 80' lang='lat' dir='ltr'><strong>tenuit·</strong></span> <span class='ocrx_word' id='word_1_397' title='bbox 1694 2551 1734 2592; x_wconf 78' lang='lat' dir='ltr'><strong>Q.</strong></span> <span class='ocrx_word' id='word_1_398' title='bbox 1753 2551 1831 2584; x_wconf 86' lang='lat' dir='ltr'><strong>Me-</strong></span> 
     </span>
     <span class='ocr_line' id='line_1_46' title="bbox 440 2596 1832 2643; baseline 0 -14"><span class='ocrx_word' id='word_1_399' title='bbox 440 2598 542 2631; x_wconf 78' lang='lat' dir='ltr'><strong>tellus</strong></span> <span class='ocrx_word' id='word_1_400' title='bbox 566 2599 796 2633; x_wconf 79' lang='lat' dir='ltr'><strong>ccltibcricum</strong></span> <span class='ocrx_word' id='word_1_401' title='bbox 820 2601 856 2633; x_wconf 83' lang='lat' dir='ltr'><strong>in</strong></span> <span class='ocrx_word' id='word_1_402' title='bbox 881 2600 1057 2643; x_wconf 82' lang='lat' dir='ltr'><strong>Hispania</strong></span> <span class='ocrx_word' id='word_1_403' title='bbox 1080 2610 1207 2643; x_wconf 71' lang='lat' dir='ltr'><strong>gerens</strong></span> <span class='ocrx_word' id='word_1_404' title='bbox 1231 2599 1376 2638; x_wconf 84' lang='lat' dir='ltr'><strong>bellum,</strong></span> <span class='ocrx_word' id='word_1_405' title='bbox 1409 2608 1485 2629; x_wconf 84' lang='lat' dir='ltr'><strong>cum</strong></span> <span class='ocrx_word' id='word_1_406' title='bbox 1509 2597 1627 2630; x_wconf 81' lang='lat' dir='ltr'><strong>urbem</strong></span> <span class='ocrx_word' id='word_1_407' title='bbox 1654 2596 1832 2629; x_wconf 78' lang='lat' dir='ltr'><strong>Centobri-</strong></span> 
     </span>
     <span class='ocr_line' id='line_1_47' title="bbox 439 2643 1832 2686; baseline 0 -11"><span class='ocrx_word' id='word_1_408' title='bbox 439 2654 518 2676; x_wconf 84' lang='lat' dir='ltr'><strong>cam</strong></span> <span class='ocrx_word' id='word_1_409' title='bbox 543 2645 711 2679; x_wconf 80' lang='lat' dir='ltr'><strong>obsideret</strong></span> <span class='ocrx_word' id='word_1_410' title='bbox 734 2651 799 2679; x_wconf 89' lang='lat' dir='ltr'><strong>etc.</strong></span> <span class='ocrx_word' id='word_1_411' title='bbox 848 2647 958 2679; x_wconf 89' lang='lat' dir='ltr'><strong>Porro</strong></span> <span class='ocrx_word' id='word_1_412' title='bbox 981 2646 1200 2679; x_wconf 79' lang='lat' dir='ltr'><strong>Contrebiam</strong></span> <span class='ocrx_word' id='word_1_413' title='bbox 1218 2645 1362 2677; x_wconf 80' lang='lat' dir='ltr'><strong>eandem</strong></span> <span class='ocrx_word' id='word_1_414' title='bbox 1381 2655 1416 2675; x_wconf 85' lang='lat' dir='ltr'><strong>es</strong></span> <span class='ocrx_word' id='word_1_415' title='bbox 1419 2654 1454 2676; x_wconf 81' lang='lat' dir='ltr'><strong>se</strong></span> <span class='ocrx_word' id='word_1_416' title='bbox 1473 2643 1617 2683; x_wconf 90' lang='lat' dir='ltr'><strong>urbem,</strong></span> <span class='ocrx_word' id='word_1_417' title='bbox 1641 2653 1832 2686; x_wconf 81' lang='lat' dir='ltr'><strong>agnoscere</strong></span> 
     </span>
     <span class='ocr_line' id='line_1_48' title="bbox 439 2688 1830 2732; baseline 0.001 -12"><span class='ocrx_word' id='word_1_418' title='bbox 439 2688 602 2723; x_wconf 74' lang='lat' dir='ltr'><strong>videmur</strong></span> <span class='ocrx_word' id='word_1_419' title='bbox 624 2703 666 2724; x_wconf 84' lang='lat' dir='ltr'><strong>ex</strong></span> <span class='ocrx_word' id='word_1_420' title='bbox 691 2692 812 2725; x_wconf 87' lang='lat' dir='ltr'><strong>eodem</strong></span> <span class='ocrx_word' id='word_1_421' title='bbox 835 2691 976 2725; x_wconf 62' lang='lat' dir='ltr'><strong>Ialerio</strong></span> <span class='ocrx_word' id='word_1_422' title='bbox 999 2692 1042 2726; x_wconf 80' lang='lat' dir='ltr'><strong>ll</strong></span> <span class='ocrx_word' id='word_1_423' title='bbox 1066 2691 1170 2724; x_wconf 82' lang='lat'><strong>7.10</strong></span> <span class='ocrx_word' id='word_1_424' title='bbox 1194 2689 1346 2723; x_wconf 76' lang='lat' dir='ltr'><strong>dicente.</strong></span> <span class='ocrx_word' id='word_1_425' title='bbox 1382 2690 1421 2731; x_wconf 79' lang='lat' dir='ltr'><strong>Q.</strong></span> <span class='ocrx_word' id='word_1_426' title='bbox 1448 2689 1629 2730; x_wconf 77' lang='lat' dir='ltr'><strong>Metellus,</strong></span> <span class='ocrx_word' id='word_1_427' title='bbox 1653 2699 1756 2732; x_wconf 80' lang='lat' dir='ltr'><strong>quum</strong></span> <span class='ocrx_word' id='word_1_428' title='bbox 1781 2689 1830 2721; x_wconf 79' lang='lat' dir='ltr'><strong>ad</strong></span> 
     </span>
     <span class='ocr_line' id='line_1_49' title="bbox 436 2732 1828 2782; baseline -0.001 -13.991"><span class='ocrx_word' id='word_1_429' title='bbox 436 2735 660 2770; x_wconf 74' lang='lat' dir='ltr'><strong>Contrebiam</strong></span> <span class='ocrx_word' id='word_1_430' title='bbox 684 2749 740 2771; x_wconf 76' lang='lat' dir='ltr'><strong>res</strong></span> <span class='ocrx_word' id='word_1_431' title='bbox 761 2744 955 2782; x_wconf 16' lang='lat' dir='ltr'><strong>gerUcretur</strong></span> <span class='ocrx_word' id='word_1_432' title='bbox 991 2738 1089 2772; x_wconf 82' lang='lat' dir='ltr'><strong>MAI.</strong></span> <span class='ocrx_word' id='word_1_433' title='bbox 1137 2736 1176 2769; x_wconf 87' lang='lat' dir='ltr'><strong>Si</strong></span> <span class='ocrx_word' id='word_1_434' title='bbox 1200 2732 1344 2776; x_wconf 83' lang='grc' dir='ltr'><strong><em>ν’πατος</em></strong></span> <span class='ocrx_word' id='word_1_435' title='bbox 1368 2740 1419 2768; x_wconf 71' lang='lat' dir='ltr'><strong>est</strong></span> <span class='ocrx_word' id='word_1_436' title='bbox 1443 2735 1626 2776; x_wconf 81' lang='lat' dir='ltr'><strong>Metellus,</strong></span> <span class='ocrx_word' id='word_1_437' title='bbox 1660 2745 1714 2767; x_wconf 84' lang='lat' dir='ltr'><strong>res</strong></span> <span class='ocrx_word' id='word_1_438' title='bbox 1745 2733 1828 2767; x_wconf 86' lang='lat' dir='ltr'><strong>anni</strong></span> 
     </span>
     <span class='ocr_line' id='line_1_50' title="bbox 440 2778 1828 2828; baseline -0.001 -15"><span class='ocrx_word' id='word_1_439' title='bbox 440 2780 508 2825; x_wconf 67' lang='lat'><strong>613}</strong></span> <span class='ocrx_word' id='word_1_440' title='bbox 543 2788 740 2824; x_wconf 82' lang='lat' dir='ltr'><strong>praevertet</strong></span> <span class='ocrx_word' id='word_1_441' title='bbox 769 2795 879 2818; x_wconf 77' lang='lat' dir='ltr'><strong>annus</strong></span> <span class='ocrx_word' id='word_1_442' title='bbox 909 2783 1002 2828; x_wconf 70' lang='lat'><strong>61⁴,</strong></span> <span class='ocrx_word' id='word_1_443' title='bbox 1034 2795 1102 2826; x_wconf 91' lang='lat' dir='ltr'><strong>quo</strong></span> <span class='ocrx_word' id='word_1_444' title='bbox 1136 2783 1258 2816; x_wconf 87' lang='lat' dir='ltr'><strong>consul</strong></span> <span class='ocrx_word' id='word_1_445' title='bbox 1300 2782 1366 2815; x_wconf 78' lang='lat' dir='ltr'><strong>fuit</strong></span> <span class='ocrx_word' id='word_1_446' title='bbox 1399 2780 1591 2824; x_wconf 82' lang='lat' dir='ltr'><strong>Popillius:</strong></span> <span class='ocrx_word' id='word_1_447' title='bbox 1632 2778 1828 2814; x_wconf 86' lang='lat' dir='ltr'><strong>cuiusmodi</strong></span> 
     </span>
     <span class='ocr_line' id='line_1_51' title="bbox 441 2826 1828 2874; baseline 0.001 -15"><span class='ocrx_word' id='word_1_448' title='bbox 441 2827 599 2862; x_wconf 80' lang='lat' dir='ltr'><strong>confusio</strong></span> <span class='ocrx_word' id='word_1_449' title='bbox 623 2832 820 2872; x_wconf 80' lang='lat' dir='ltr'><strong>temporum</strong></span> <span class='ocrx_word' id='word_1_450' title='bbox 843 2834 896 2866; x_wconf 80' lang='lat' dir='ltr'><strong>est</strong></span> <span class='ocrx_word' id='word_1_451' title='bbox 918 2829 1025 2865; x_wconf 81' lang='lat' dir='ltr'><strong>etiam</strong></span> <span class='ocrx_word' id='word_1_452' title='bbox 1041 2830 1079 2864; x_wconf 90' lang='lat' dir='ltr'><strong>in</strong></span> <span class='ocrx_word' id='word_1_453' title='bbox 1096 2830 1201 2864; x_wconf 85' lang='lat' dir='ltr'><strong>rebus</strong></span> <span class='ocrx_word' id='word_1_454' title='bbox 1218 2827 1380 2874; x_wconf 83' lang='lat' dir='ltr'><strong>Pompeii</strong></span> <span class='ocrx_word' id='word_1_455' title='bbox 1400 2830 1434 2863; x_wconf 77' lang='lat' dir='ltr'><strong>et</strong></span> <span class='ocrx_word' id='word_1_456' title='bbox 1450 2826 1625 2863; x_wconf 77' lang='lat' dir='ltr'><strong>Catilinae</strong></span> <span class='ocrx_word' id='word_1_457' title='bbox 1639 2828 1704 2863; x_wconf 82' lang='lat' dir='ltr'><strong>sub</strong></span> <span class='ocrx_word' id='word_1_458' title='bbox 1719 2826 1828 2862; x_wconf 82' lang='lat' dir='ltr'><strong>finem</strong></span> 
     </span>
    </p>
   </div>
   <div class='ocr_carea' id='block_1_7' title="bbox 439 2872 855 2919">
    <p class='ocr_par' dir='ltr' id='par_1_9' title="bbox 439 2872 855 2919">
     <span class='ocr_line' id='line_1_52' title="bbox 439 2872 855 2919; baseline 0.02 -14"><span class='ocrx_word' id='word_1_459' title='bbox 439 2872 570 2908; x_wconf 86' lang='lat' dir='ltr'><strong>horum</strong></span> <span class='ocrx_word' id='word_1_460' title='bbox 592 2875 855 2919; x_wconf 84' lang='lat' dir='ltr'><strong>Excerptorum</strong></span> 
     </span>
    </p>
   </div>
   <div class='ocr_carea' id='block_1_8' title="bbox 1883 673 1968 3346">
    <p class='ocr_par' dir='ltr' id='par_1_10' title="bbox 1883 673 1968 3346">
     <span class='ocr_line' id='line_1_53' title="bbox 1883 673 1968 3346; baseline 0 0"><span class='ocrx_word' id='word_1_461' title='bbox 1883 673 1968 3346; x_wconf 95' lang='lat' dir='ltr'><strong> </strong></span> 
     </span>
    </p>
   </div>
  </div>
 </body>
</html>
