1968 3346
406 222 707 265 EXCERPTA
734 222 1167 265 HOESCHELIANA
1197 225 1244 264 L.
1274 224 1424 267 XXIII.
1553 229 1610 269 21

219 332 361 390 ψυχας
398 334 510 390 πρὸς
547 332 718 390 ἀρετήν.
746 357 801 365 -
831 319 914 389 τὴν
947 332 1038 402 γάρ
1078 332 1283 389 εὐτυχίαν
1312 335 1453 405 ὥςπερ
1489 335 1605 406 βαρὺ
1634 339 1690 383 35

220 392 407 461 φορτίον
457 391 647 444 ἐνεγκεῖν
688 389 907 442 ἐπιδεξίως
946 387 1000 433 ου’
1049 391 1281 460 δυνηθείς,
1327 391 1486 436 ἑαυτὸν
1523 394 1609 448 μὲν

219 447 479 518 ἀπεστέρησε
506 451 582 502 τῆς
617 447 817 516 μεγίστης
857 445 1005 504 δόξης,
1045 447 1129 503 την
1162 447 1210 491 δὲ
1247 451 1436 503 πατρίδα
1466 449 1604 506 μεγά,

217 504 312 556 λὐις
339 504 565 573 περιέβαλε
593 502 907 559 συμπτώμασι.
945 539 947 541 .
1631 536 1686 575 13

337 565 436 603 Τῶν
468 560 514 604 δὲ
539 558 763 628 Ῥωμαίων
793 560 840 602 ἐν
868 556 1014 630 ΛιΡύῃ
1042 558 1294 628 διαβάντων
1331 559 1494 618 μεγάλη
1523 562 1600 606 δυ-
1626 591 1684 635 40

215 616 345 672 νάμει
381 615 466 659 συν
497 615 688 674 Ἀττιλίῳ
724 613 902 673 ὑπάτῳ,
945 616 995 658 τό
1036 615 1116 672 μὲν
1144 620 1324 677 πρῶτον
1359 620 1599 673 Καρχηδο-
1669 670 1671 672 ,

215 676 344 725 νίους
380 673 608 728 ἐνίκησαν,
648 672 721 715 καὶ
751 660 897 723 πόλεις
933 672 1007 716 καὶ
1049 672 1248 742 φρούρια
1285 671 1403 716 εἶλον
1442 674 1597 726 πολλά,

213 731 290 774 καὶ
328 732 515 783 δυναμιν
552 727 719 783 πολλὴν
746 730 1004 780 κατέκοψαν.
1039 728 1227 783 ’ὕστερον
1256 730 1302 774 δὲ
1331 731 1616 779 Ξανθίππου

213 785 496 841 Σπαρτιάτου
525 789 774 855 στρατηγοῦ
796 785 1087 854 μισθοφόρου
1117 785 1325 837 ἐλθόντος
1353 785 1427 842 ἀφ’
1453 786 1597 831 Ελλά-

210 845 310 913 6093
339 844 546 899 ἐνίκησαν
573 842 685 885 κατὰ
722 841 884 896 κράτος
911 842 1212 898 Καρχηδόνιοι
1241 841 1484 898 Ῥωμαίους
1521 845 1596 888 καὶ
1623 850 1680 896 45

208 899 457 951 κατέκοψαν
485 897 690 971 μεγάλην
706 898 912 970 δύναμιν
949 899 1093 943 ε’κτοτε
1119 901 1360 955 ναυμαχίαι
1389 900 1465 943 καὶ
1495 905 1596 944 πολ-

208 960 300 999 λῶν
324 960 522 1027 σκαφῶν
559 956 641 1003 καὶ
665 953 842 1026 ἀνδρῶν
887 953 1080 1000 ἀπώλεια
1120 956 1350 1025 Ρωμαίοις
1379 956 1594 1027 ἐγένοντο,

209 1029 271 1064 ως
300 1018 412 1056 εἰναι
440 1012 519 1057 τὸν
545 1017 635 1057 τῶν
665 1010 960 1056 ἀπολωλότων
1000 1012 1194 1068 ἀριθμὸν
1229 1013 1333 1058 δέκα
1362 1012 1592 1068 μυριάδας.

324 1069 419 1113 ἀντὶ
456 1086 537 1126 μεν
565 1074 653 1140 τῆς
689 1067 1057 1126 προϋπαρχούσης
1093 1069 1215 1138 αὐτῷ
1249 1070 1385 1140 δόξης
1422 1074 1593 1114 πολλα-
1621 1075 1678 1120 50

208 1129 400 1170 πλασίαν
429 1128 508 1182 τὴν
551 1125 728 1181 ἀτιμίαν
770 1127 846 1171 καὶ
875 1127 960 1198 τὴν
991 1115 1205 1182 αἰσχύνην
1233 1125 1470 1182 ηλλάξατο,
1501 1132 1594 1179 τοῖς

188 1184 256 1227 -δε
296 1185 424 1235 ἰδίοις
463 1184 757 1240 συμπτώμασι
787 1200 893 1235 τους
932 1183 1093 1235 α’λλους
1126 1184 1291 1241 ἐδίδαξε
1297 1200 1594 1254 μετριοφρο-

206 1245 299 1283 νεῖν
329 1257 377 1283 εν
404 1246 500 1292 ταῖς
529 1241 756 1292 εξουσίαις,
785 1239 834 1284 τό
866 1240 914 1284 δὲ
941 1240 1158 1310 μέγιστον,
1188 1257 1252 1284 ων
1279 1240 1594 1314 υπερηφάνησε

205 1296 285 1353 τὴν
306 1296 500 1352 ἀτυχίαν,
532 1296 704 1341 τούτων
731 1295 992 1368 ἠναγκάσθη
1021 1298 1102 1354 την
1121 1296 1256 1353 υβριν
1278 1299 1352 1341 καὶ
1370 1298 1451 1368 τὴν
1472 1298 1592 1350 ἐξου-

205 1357 307 1396 σίαν
336 1354 501 1409 φέρειν,
529 1354 902 1426 προαφῃρημένος
924 1354 1086 1398 εαυτοῦ
1118 1354 1200 1410 τὴν
1222 1354 1487 1412 συγγνώμην
1510 1351 1591 1399 καὶ
1618 1355 1675 1400 55

203 1409 280 1454 τὸν
310 1411 695 1481 συγκεχωρημένον
723 1416 814 1462 τοῖς
843 1410 1093 1455 επταικόσιν
1124 1412 1255 1455 ε’λεον.

316 1484 423 1519 τους
458 1469 542 1523 γὰρ
588 1471 696 1511 πᾶσι
742 1473 1015 1523 κρατοῦντας
1060 1473 1152 1520 τοῖς
1189 1472 1324 1512 πᾶσιν
1359 1465 1594 1524 ηλάττωσε,

201 1541 307 1575 τους
337 1524 383 1568 δὲ
418 1524 492 1568 δια
518 1541 596 1580 της
631 1524 763 1580 ἥττης
801 1528 1136 1580 προςδοκῶντας
1171 1543 1252 1582 την
1283 1523 1503 1568 ἀπώλειαν
1531 1526 1595 1582 τῷ

200 1583 375 1637 μεγέθει
416 1585 498 1625 τοῦ
540 1583 870 1638 προτερήματος
910 1582 1086 1640 ἐποίησε
1129 1586 1466 1640 καταφρονησαι.
1502 1585 1594 1625 τῶν
1622 1586 1677 1626 60

199 1643 303 1681 πολε
339 1639 429 1680 ίων.

304 1655 447 1738 ιιόὺδεν
489 1711 575 1766 γαρ
618 1694 882 1752 θαιμαστόν
932 1697 970 1738 εἰ
1016 1698 1264 1764 στρατηγοῦ
1304 1693 1479 1745 σύνεσις
1521 1693 1596 1737 καὶ

199 1752 467 1821 πραγμάτων
506 1751 707 1806 εμπειρία
752 1756 843 1794 τῶν
886 1749 1115 1796 ἀδυνάτων
1162 1749 1419 1796 δοκούντων
1447 1765 1595 1821 περιε-

197 1808 390 1863 γένοντο.
447 1807 591 1851 πάντα
619 1807 706 1863 γάρ
736 1825 789 1865 τη
819 1808 990 1852 συνέσει
1013 1809 1180 1879 βάσιμα
1217 1810 1291 1852 καὶ
1319 1806 1487 1852 δυνατα
1525 1807 1595 1862 γί-

199 1880 341 1916 νεται,
371 1881 446 1919 της
473 1864 625 1920 τέχνης
653 1864 701 1908 ἐν
731 1868 836 1908 πᾶσι
865 1865 1149 1957 χειρουμένης
1177 1882 1257 1937 την
1285 1867 1402 1922 βίαν.

309 1922 510 1975 καθάπερ
545 1938 629 1976 γαρ
661 1921 711 1964 τὸ
743 1926 866 1977 σῶμα
895 1926 971 1978 τῆς
1006 1928 1149 1993 ²5va
1178 1922 1267 1966 ἐστι
1297 1925 1476 1973 δοῦλον,
1507 1919 1592 1963 οὕ·-

195 1994 282 2028 τως
324 1980 371 2021 αἱ
404 1977 588 2034 μεγάλαι
626 1977 850 2034 δυνάμεις
873 1983 927 2035 τῆ
966 1983 1056 2022 τῶν
1095 1978 1326 2036 ἡγεμόνων
1364 1977 1594 2026 υπείκουσι

265 2051 316 2077 O‘v
347 2046 371 2077 6

197 2051 259 2091 φρ
307 2051 424 2135 vno?
431 2106 543 2146 προς
570 2089 619 2135 τό
651 2092 882 2149 συμφέρον
924 2093 1245 2150 βουλευτηρίου
1281 2092 1426 2136 πάντα
1467 2105 1592 2135 κατι-

74 2196 75 2210 ἢ
196 2148 420 2204 σχύοντος.

2 2223 6 2237 ¹
73 2237 75 2244 .
131 2212 197 2247 505
313 2207 515 2255 Φίλιστος
551 2204 597 2247 δὲ
628 2203 849 2258 ἱστορικὸς
876 2200 944 2262 ἦν.

316 2264 370 2305 Οἱ
411 2262 458 2305 δὲ
491 2261 698 2315 Ῥωμαῖοι
737 2279 780 2305 οι
820 2263 880 2313 εἰς
922 2261 1006 2318 τὴν
1040 2261 1215 2318 Λιβύην
1254 2259 1591 2331 διαπεράσαντες
1620 2265 1674 2305 14

200 2319 274 2362 καὶ
300 2318 378 2362 τὸν
408 2317 599 2375 πόλεμον
625 2334 677 2373 με
661 2334 732 2361 ετα
760 2323 852 2363 τῶν
879 2320 1202 2376 Καρχηδονίων
1230 2319 1344 2361 νέων
1370 2316 1590 2374 ποιήσαν-

1622 1859 1679 1904 65

1619 2139 1676 2179 70

337 2441 394 2476 46.
425 2444 628 2488 ναυμαχίαι
659 2443 799 2484 Β]ιοι1.,
829 2443 1035 2487 ναυμαχίαι
1066 2440 1232 2486 ἐγένοντο
1256 2443 1293 2476 Η
1430 2440 1489 2475 49.
1522 2454 1572 2476 αυ

198 2490 249 2535 τῷ
281 2489 399 2522 Βῐιοδ.
432 2494 466 2523 et
495 2491 610 2524 vales.
644 2491 726 2523 Exc.
762 2501 796 2531 p.
820 2488 901 2523 564.
935 2489 1015 2530 81.,
1048 2487 1171 2523 αὐτοῦ
1201 2488 1239 2522 Η
1386 2490 1591 2522 πολλαπλα-

200 2538 283 2570 σίαν
323 2537 406 2568 Exn.
432 2536 533 2577 Van,
563 2537 837 2574 πολλαπλασίας
869 2536 905 2568 ΙΙ
1031 2533 1089 2569 55.
1115 2532 1435 2578 συγκεχωρημένον
1460 2533 1590 2574 Βὴοά.,

201 2581 537 2625 συγκεχωρισμένων
559 2584 595 2616 Η
715 2582 773 2617 53.
796 2581 1111 2625 προςδοκοῦντας]
1142 2581 1424 2623 προςδοκῶντας
1447 2581 1589 2613 1Vesse·

200 2628 331 2671 lingius
353 2639 395 2660 ex
418 2640 452 2672 p.
475 2627 556 2662 564.
577 2628 634 2662 92.
751 2628 809 2661 63.
835 2626 975 2672 βάσιμα
996 2628 1130 2667 ΒΙιο(1.,
1150 2626 1303 2673 βάδημα
1324 2627 1361 2660 H
1453 2625 1510 2659 (H.
1535 2625 1590 2668 γί-

199 2687 300 2709 νεται
303 2675 407 2763 pExc.
432 2674 510 2708 Vat.
545 2686 579 2717 p.
604 2673 662 2708 58.
686 2673 742 2717 3.,
777 2671 878 2718 ἄγειν
901 2675 939 2707 11
1074 2673 1133 2708 69.
1157 2671 1283 2708 πάντα
1304 2671 1422 2706 Rhod.
1446 2676 1482 2705 et
1504 2672 1589 2705 Exc.

187 2722 278 2755 Am.
360 2720 462 2754 58.7
465 2744 487 2761 .,
512 2719 653 2761 παντὸς
675 2722 705 2752 H

293 2765 374 2801 505.
398 2765 455 2799 71.
483 2766 664 2810 Φίλιστος]
691 2768 840 2805 Φιλῖνος
861 2765 945 2799 Wes
931 2763 1116 2809 selingius
1253 2763 1312 2797 72.
1339 2762 1375 2797 οὶ
1406 2761 1590 2796 delendum

202 2813 339 2847 videtur
451 2812 511 2846 73.
545 2811 638 2848 νέων
658 2813 748 2845 delet
759 2812 836 2845 Rei
828 2812 940 2846 skins:
958 2823 1066 2856 aegre
1083 2810 1216 2846 servari
1233 2814 1352 2864 potest
1369 2809 1420 2843 ita
1443 2812 1482 2842 ut
1496 2810 1595 2843 νεῶν

204 2859 397 2900 scribatur,
413 2857 483 2895 nisi
505 2859 595 2904 quiz,
620 2864 659 2896 ut
682 2862 911 2896 καινοποιεῖν
934 2857 1096 2905 πόλεμον
1118 2862 1180 2902 est,
1204 2854 1486 2902 νεοποιὴσαντες
1507 2854 1594 2890 velit
