1968 3346
265 215 565 259 EXCERPTA
599 213 670 255 DE
700 212 957 255 V1R'1*.ET
989 212 1099 256 Vl'l'.
1128 214 1177 254 L.
1206 213 1406 256 v1.-.X
1477 218 1536 258 85

133 345 222 372 των
252 328 324 371 διὰ
359 327 449 397 τήν
486 324 699 379 εὐπορίαν
727 323 1023 380 ἐκκεχυμένων
1065 326 1125 376 εἰς
1154 324 1302 369 ἄνεσιν
1333 325 1408 370 καὶ
1438 325 1530 369 δια-

133 383 316 455 φθορὰν
346 381 503 437 άγεννη
533 386 613 424 τοῦ
643 380 843 436 σώματος
871 381 945 424 καὶ
973 385 1127 449 ψυχῆς.

233 440 329 484 Ὀτι
360 440 628 495 Πυθαγόρας
656 437 909 492 πυθόμενος
937 436 1014 481 τὸν
1046 437 1297 494 Φερεκύδην
1325 436 1404 482 τὸν
1424 437 1522 481 έπι-
1552 445 1607 486 85

133 497 295 553 στάτην
337 496 475 539 αὐτοῦ
511 494 801 550 γεγενημένον
840 495 887 537 ἐν
928 494 1057 564 Δήλῳ
1098 500 1243 537 νοσεῖν
1272 495 1346 537 καὶ
1373 496 1526 546 τελέως

131 554 320 625 ἐσχάτως
349 554 482 621 ἔχειν,
526 551 732 594 ἔπλευσεν
770 551 817 594 ἐκ
839 555 922 620 τῆς
946 550 1130 601 Ἰταλίας
1160 553 1219 601 εἰς
1248 551 1330 620 τήν
1359 555 1523 606 Δῆλον.

130 610 221 653 ἐκεῖ
255 610 301 653 δὲ
342 607 507 665 χρόνον
540 607 693 650 ἱκανόν
723 607 802 650 τὸν
833 605 976 660 άνδρα
1004 607 1349 678 γηροτροφήσας
1375 611 1524 651 πᾶσαν

129 667 400 722 εἰςηνέγκατο
430 663 628 718 σπουδὴν
660 663 762 714 ω’ςτε
790 663 868 707 τὸν
906 664 1151 733 πρεσβύτην
1191 663 1239 706 ἐκ
1277 668 1354 719 τῆς
1382 663 1522 707 νόσου

24 755 30 770 ‚
74 730 76 734 '
129 726 354 767 διασῶσαι.
391 720 728 776 κατισχυθέντος
767 720 812 763 δὲ
849 725 930 763 τοῦ
967 719 1222 775 Φερεκύδου
1254 721 1326 763 διὰ
1365 719 1414 763 τὸ
1426 724 1516 789 γῆ·
1545 731 1601 772 90

130 797 210 833 ρας
246 779 320 822 καὶ
350 777 422 821 διὰ
461 777 510 820 τό
543 777 726 832 μέγεθος
754 781 829 832 τῆς
858 775 1020 829 νόσου,
1066 778 1352 828 περιέστειλεν
1381 774 1517 820 αὐτὸν

127 837 445 907 κηδεμονικῶς,
486 836 557 877 καὶ
597 838 685 877 τῶν
714 833 1014 888 νομιζομένων
1054 832 1241 884 ἀξιώσας
1271 832 1427 884 ὦςανεί
1455 849 1520 884 τις

126 892 225 943 υἱὸς
253 892 418 944 πατέρα
447 889 580 934 πάλιν
611 890 857 946 ἐπανῆλθεν
887 893 946 941 εἰς
975 891 1054 946 τὴν
1079 891 1274 934 Ἰταλίαν.

227 948 326 991 “On
361 946 535 991 ἐπειδάν
570 964 683 997 τινες
721 952 809 990 τῶν
847 945 1057 1002 συνήθων
1095 948 1143 990 ἐκ
1169 951 1244 1003 τῆς
1273 945 1424 996 οὐσίας
1454 944 1519 989 έκ-

125 1004 325 1057 πέσοιεν,
370 1007 608 1076 διῃροῦντο
647 1021 699 1046 τα
739 1003 937 1073 χρήματα
977 1004 1125 1047 αὐτῶν
1158 1004 1216 1055 ὠς
1252 1003 1362 1058 πρὸς
1392 1002 1519 1045 άδελ-
1548 1012 1602 1054 95

126 1060 253 1117 φούς.
286 1061 340 1104 οὐ
369 1061 511 1116 μόνον
544 1061 589 1103 δὲ
618 1060 726 1114 πρὸς
755 1060 860 1111 τούς
886 1059 993 1104 καθ’
1025 1061 1194 1117 ἡμέραν
1225 1063 1520 1127 συμβιοῦντας

74 1145 78 1159 ι
123 1135 214 1161 των
234 1120 469 1188 γνωρίμων
486 1116 695 1172 τοιαύτην
718 1133 833 1172 ειχον
851 1134 930 1188 την
947 1117 1159 1169 διάθεσιν,
1190 1116 1299 1160 ἄλλα
1318 1114 1519 1186 καθόλου

73 1201 78 1212 ·
123 1175 246 1246 πρὸς
261 1173 427 1225 πάντας
463 1191 570 1225 τους
606 1190 695 1216 των
722 1175 993 1229 πραγμάτων
1019 1174 1190 1217 τούτων
1219 1171 1520 1228 μετασχόντας.

225 1230 325 1275 ι’Ότι
353 1233 581 1283 Κλεινίας,
623 1235 891 1285 Ταραντῖνος
919 1230 968 1274 τό
999 1232 1160 1300 γένος,
1187 1235 1248 1282 εις
1277 1231 1324 1274 δὲ
1351 1243 1440 1273 των
1469 1229 1518 1272 ἐκ
1544 1240 1630 1282 100

121 1291 204 1332 τοῦ
240 1288 562 1344 προειρημένου
603 1286 875 1343 συστηματος
914 1288 997 1340 ω’ν,
1039 1286 1291 1343 πυθόμενος
1313 1290 1517 1357 Πρωρον

120 1345 200 1390 τὸν
230 1349 490 1417 Κυρηναῖον
527 1344 600 1388 διά
629 1361 728 1388 τινα
756 1345 985 1415 πολιτικὴν
1015 1347 1268 1400 περίστασιν
1298 1342 1517 1388 ἀπολωλε-

120 1400 231 1446 κότα
269 1401 349 1474 τὴν
389 1401 547 1445 ου’σίαν
582 1401 657 1444 καὶ
697 1403 851 1453 τελέως
890 1401 1226 1457 ἀπορούμενον,
1258 1400 1515 1456 ἐξεδήμησεν

26 1459 31 1471 “
72 1482 75 1489 ·
119 1458 169 1502 ἐκ
197 1462 273 1514 τῆς
298 1457 480 1509 Ἰταλίας
509 1461 568 1509 εἷς
592 1458 804 1514 Κυρηνην
833 1458 940 1514 μετὰ
967 1458 1201 1514 χρημάτων
1229 1461 1407 1508 ἱκανῶν,
1441 1457 1515 1500 καὶ
1572 1468 1598 1510 5

29 1516 73 1564 ξ’
119 1517 206 1571 τὴν
250 1514 407 1559 οὐσίαν
458 1513 774 1585 οἷπεκατέστησε
821 1520 881 1571 τῷ
927 1517 1256 1586 προειρημένα),
1304 1513 1515 1559 οὐδέποτε

15 1590 23 1616 ε
120 1577 282 1616 τοῦτον
330 1571 560 1626 έωρακως,
612 1571 790 1614 ἀκούων
830 1573 876 1615 δὲ
917 1572 1059 1627 μόνον
1101 1573 1168 1615 ὅτι
1208 1571 1518 1637 Πυθαγόρειος

59 1661 64 1678 2.
119 1624 186 1684 ἦν.
226 1629 300 1672 καὶ
339 1628 462 1672 ἄλλοι
501 1629 547 1672 δὲ
595 1629 750 1671 πολλοὶ
795 1629 845 1671 τὸ
885 1626 1191 1683 παραπλησιον
1234 1624 1519 1696 πεποιηκότες

27 1708 34 1717 ·
123 1686 563 1757 διαμ7ημονεύονται.
605 1684 659 1728 οὐ
704 1683 844 1740 μόνον
895 1686 941 1729 δὲ
985 1685 1032 1727 ἐν
1070 1702 1123 1742 τῃ
1159 1702 1249 1728 των
1287 1683 1518 1740 χρημάτων

7 1749 64 1802 μ’
121 1741 315 1786 ἐπιδόσει
348 1741 579 1792 τοιούτους
626 1741 789 1792 αὐτούς
833 1743 1091 1796 παρείχοντο
1131 1747 1224 1792 τοῖς
1261 1743 1512 1796 γνωρίμοις,
1546 1754 1599 1793 10

63 1825 66 1834 -
123 1798 232 1842 ἀλλά
269 1800 343 1842 καὶ
381 1815 492 1842 κατα
532 1797 635 1848 τούς
673 1798 1072 1852 έπισφαλεστάτους
1101 1815 1287 1851 καιρους
1318 1810 1516 1840 συνεκιν-

23 1859 27 1872 ’
66 1862 73 1906 ἶ
121 1854 324 1899 δύνευον.
363 1855 438 1898 καὶ
475 1853 559 1907 γὰρ
594 1857 838 1897 Διονυσίου
879 1871 1208 1909 τυραννουντος
1244 1856 1423 1904 Φιντίας
1452 1870 1517 1903 τις

17 1919 25 1926 ”
66 1907 72 1936 ἶ
119 1911 429 1967 Πυθαγόρειος
469 1912 841 1981 έπιβεβουλευκως
878 1917 938 1969 τῷ
977 1911 1215 1981 τυράννῳ,
1257 1910 1427 1967 μέλλων
1470 1910 1516 1952 δε

68 1971 71 1994 f
118 1974 197 2037 τῆς
224 1971 446 2037 τιμωρίας
467 1968 719 2023 τυγχάνειν,
762 1959 963 2039 ᾐτήσατο
994 1985 1116 2021 παρα
1157 1972 1238 2011 τοῦ
1267 1967 1518 2010 Διονυσίου

0 2030 4 2046 ’
29 2042 44 2062 x
68 2064 70 2068 ,
117 2024 282 2081 χρόνον
311 2027 371 2076 εἰς
398 2024 446 2068 τό
479 2026 579 2077 περὶ
608 2028 696 2068 τῶν
726 2026 851 2068 ἰδίων
880 2025 1096 2080 πρότερον
1127 2043 1154 2067 α
1183 2022 1387 2094 βούλεται
1407 2025 1513 2066 διοι
1546 2033 1598 2076 15

68 2118 71 2126 1
118 2087 273 2138 κῆσαι·
316 2081 470 2126 δώσειν
511 2081 552 2125 6'
582 2082 754 2152 ε’φησεν
795 2081 1006 2138 εγγυητὴν
1059 2085 1141 2125 τοῦ
1186 2080 1389 2124 θανάτου
1425 2084 1516 2122 τῶν

9 2148 13 2160 ’
67 2165 70 2187 2
119 2142 263 2193 φίλων
304 2139 391 2182 ἕνα.
428 2142 512 2182 τοῦ
553 2137 598 2181 δὲ
638 2137 859 2182 δυνάστου
894 2137 1209 2193 θαυμάσαντος
1248 2141 1284 2181 ει
1313 2134 1518 2187 τοιοῦτός

31 2233 35 2241 .
118 2196 210 2239 ἐστι
240 2197 366 2252 φίλος
397 2195 446 2246 ὃς
479 2194 637 2238 ἑαυτὸν
667 2197 728 2246 εἰς
756 2212 837 2251 την
866 2196 1041 2252 εἱρκτὴν
1072 2194 1161 2238 ἀντ’
1191 2195 1361 2239 ἐκείνου
1381 2209 1517 2248 παρα-

4 2255 67 2302 ψ
121 2252 274 2304 δώσει,
324 2251 648 2323 προεκαλέσατό
694 2269 792 2295 τινα
838 2269 928 2296 των
975 2254 1210 2321 γνωρίμων
1257 2251 1281 2295 6
1325 2253 1517 2300 Φιντίας,

5 2315 37 2360 ιιι
67 2307 317 2363 ’ὀᾶ-Δάμωνα
341 2309 516 2379 ὄνομα,
557 2308 871 2364 Πυθαγόρειον
913 2308 1188 2365 φιλόσοφον,
1231 2307 1280 2359 ὃς
1320 2305 1422 2352 οὐδε
1454 2309 1513 2350 δι·
1542 2320 1597 2360 20

66 2414 69 2423 ι
119 2365 282 2417 στάσας
325 2365 496 2436 ε’γγυος
521 2365 658 2416 εὐθὺς
696 2365 881 2422 ἐγενηθη
919 2366 1137 2409 θανάτου.
1178 2366 1291 2415 τινὲς
1320 2381 1399 2435 μεν
1430 2366 1512 2406 οὐν

118 2422 314 2479 ἐπῃνουν
349 2439 430 2478 την
470 2421 718 2494 ὑπερβολην
755 2428 832 2478 τῆς
862 2423 973 2476 πρὸς
1001 2440 1107 2474 τους
1136 2424 1296 2478 φίλους
1325 2420 1512 2472 εὐνοίας,

117 2495 232 2530 τινες
269 2479 316 2522 δὲ
351 2483 433 2522 τοῦ
470 2479 632 2549 ἐγγύου
669 2479 934 2534 προπέτειαν
970 2481 1044 2523 καὶ
1082 2481 1245 2550 μανίαν
1285 2479 1513 2533 κατεγίνω-

121 2547 241 2579 σκον.
271 2535 383 2588 πρὸς
413 2536 459 2579 δὲ
487 2553 569 2591 την
596 2537 858 2593 τεταγμένην
895 2536 1017 2590 ὥραν
1047 2536 1160 2587 ἅπας
1191 2534 1214 2580 ὁ
1247 2538 1384 2606 δῆμος
1415 2546 1513 2577 συν-
1544 2542 1599 2588 25

121 2591 336 2650 έδραμεν,
374 2595 639 2649 καραδοκῶν
679 2597 717 2639 εἰ
753 2593 937 2651 φυλάξει
963 2594 1044 2653 τὴν
1073 2596 1220 2639 πίστιν
1249 2591 1274 2637 ὁ
1304 2588 1513 2649 καταστή-

212 2738 293 2775 554.
318 2739 376 2774 88.
402 2739 622 2785 εἰςδνέγκοιτο
646 2742 675 2775 V
814 2741 873 2777 89
898 2739 1186 2797 κατισχυθέντος
1210 2740 1388 2779 Romans,
1411 2750 1513 2776 κατι-

125 2784 325 2828 σχυσαντος
341 2787 370 2818 V
519 2787 577 2824 65.
603 2786 728 2821 αὐτ-ὦν
752 2789 780 2820 V
926 2790 983 2827 98.
1009 2788 1254 2843 πρα1μάτων3
1278 2783 1517 2837 πρυςταγμὰ-

128 2845 202 2867 των
227 2833 478 2879 Weseclingius
600 2835 679 2870 100.
707 2835 859 2877 Κλινιάς
886 2837 914 2871 V
1052 2837 1109 2871 18.
1136 2834 1298 2881 εἱρκτὴν]
1322 2834 1467 2880 εἱρκτὴν
1493 2830 1519 2864 V
