1968 3346
779 864 926 911 ΕΚ
995 864 1205 911 ΤΟΥ
1264 860 1434 912 AB'.

517 1033 614 1078 1Ὅτι
642 1036 795 1080 πολλοὶ
831 1054 921 1108 μεν
939 1038 1012 1081 καὶ
1043 1037 1167 1081 α’λλοι
1197 1035 1434 1107 ἴστόρησαν
1462 1035 1547 1081 ἀπὸ
1577 1036 1791 1108 σχηματος

414 1093 668 1161 γυναικείου
687 1094 759 1137 καὶ
757 1091 1041 1164 ὑποληψεως
1061 1096 1120 1145 εἰς
1141 1092 1300 1148 ἀνδρὸς
1314 1096 1387 1137 καὶ
1401 1098 1541 1164 σχημα
1560 1095 1634 1138 καὶ
1654 1094 1790 1150 φύσιν

415 1146 713 1205 ἀναφανῆναι,
744 1149 850 1204 ἀτὰρ
881 1152 953 1194 καὶ
978 1150 1210 1205 Διόδωρος
1236 1151 1284 1193 ἐν
1312 1154 1366 1207 τῇ
1389 1150 1453 1206 λβ’
1474 1155 1563 1194 τῶν
1585 1153 1790 1206 ἱστοριῶν

414 1209 595 1248 τοιαῦτα
631 1207 731 1261 περὶ
771 1207 930 1276 ταύτης
965 1212 1039 1264 τῆς
1075 1208 1340 1261 περιπετείας
1361 1209 1564 1279 ἱστορεῖ.
1606 1207 1659 1251 τὰ
1691 1208 1790 1263 περὶ

409 1258 692 1332 Ἀλέξανδρον
737 1261 817 1306 τόν
854 1265 1003 1336 κοίλης
1044 1266 1213 1320 Συρίας
1252 1264 1326 1307 καὶ
1361 1261 1622 1321 Ἀντιοχείας
1660 1267 1787 1321 βασι·-

415 1317 629 1361 λεύσαντα
660 1318 843 1371 διεξιών.
875 1322 984 1377 φησὶ
1011 1322 1058 1365 δὲ

357 1421 384 1460 1
520 1397 570 1439 Ο
599 1397 644 1440 δὲ
669 1395 946 1452 Ἀλέξανδρος
985 1398 1070 1443 ἀπὸ
1099 1416 1180 1455 μεν
1207 1403 1282 1453 τῆς
1319 1397 1455 1456 μάχης
1494 1398 1598 1468 μετα
1635 1414 1790 1443 πεντα-

411 1455 575 1499 κοσίων
601 1453 681 1509 τήν
707 1454 854 1510 φυγήν
878 1456 1112 1512 ἐποιήσατο
1141 1460 1217 1524 τῆς
1241 1456 1441 1526 Ἀραβίας
1461 1458 1520 1507 εἷς
1538 1473 1614 1506 τας
1635 1460 1790 1500 καλου-

412 1511 569 1581 μένας
570 1507 718 1578 ’Ἄβας
740 1511 852 1563 πρός
888 1513 1077 1556 Διοκλέα
1114 1512 1193 1555 τὸν
1223 1512 1465 1582 δυνάστην,
1479 1512 1613 1583 πρὸς
1655 1529 1706 1555 ον
1734 1528 1790 1568 ην

325 1578 381 1621 95
411 1568 484 1612 καὶ
522 1565 600 1610 τὸν
648 1566 750 1610 νῑόν
789 1567 1009 1639 ᾈντίοχον
1053 1568 1435 1638 προεκτεθειμέγος
1473 1567 1579 1612 ὅντα
1617 1569 1788 1625 νήπιον.

411 1623 502 1668 εἶτα
537 1625 581 1666 οἷ
620 1623 698 1678 μὲν
736 1624 833 1678 περὶ
871 1624 948 1668 τὸν
989 1623 1201 1694 Ηλιάδην
1240 1623 1465 1681 ἡγεμόνες,
1514 1628 1557 1668 οι
1596 1629 1789 1695 συνῆσαν

407 1679 697 1751 Ἀλεξάνδρῳ,
727 1679 874 1737 λαθρᾳ
903 1680 1291 1751 διεπρεσβεύσαντο
1320 1682 1420 1735 περὶ
1449 1685 1525 1734 τῆς
1554 1683 1665 1732 ἰδίας
1694 1697 1787 1737 ηγε-

412 1739 590 1795 μονίας,
628 1737 984 1793 ἐπαγγελλόμενοι
1015 1737 1337 1793 δολοφονήσειν
1367 1737 1447 1781 τόν
1482 1736 1785 1808 Ἀλέξανδρον·

412 1791 771 1863 συγχωρήσαντος
807 1794 854 1837 δὲ
891 1798 970 1836 τοῦ
1007 1796 1272 1865 Δημητρίου
1295 1795 1392 1848 περὶ
1423 1796 1484 1837 ὠν
1519 1793 1706 1864 ηξιόυν,
1733 1791 1786 1837 οὐ

297 1863 381 1905 100
409 1852 549 1909 μόνον
579 1849 791 1920 προδόται
819 1854 902 1893 τοῦ
930 1851 1138 1907 βασιλέως
1168 1849 1278 1894 αλλα
1307 1851 1381 1894 καὶ
1394 1856 1562 1920 φονεῖς
1585 1849 1786 1921 ἐγενήθη

409 1921 504 1954 σαν.
537 1904 621 1950 οὐκ
651 1905 775 1957 ἄξιον
804 1907 848 1950 δὲ
877 1912 1113 1962 παρελθεῖν
1143 1906 1222 1962 τήν
1251 1906 1486 1977 γενομένην
1515 1906 1786 1960 περιπέτειαν

407 1965 495 2020 πρὸ
523 1967 597 2019 τῆς
620 1961 903 2034 Ἀλεξανδρου
932 1967 1141 2020 τελευτῆς.
1173 1963 1245 2007 διὰ
1263 1963 1308 2007 δὲ
1337 1963 1387 2007 τό
1405 1963 1654 2017 παράδοξον
1682 1965 1787 2015 ἴσως

352 2029 381 2072 5
410 2018 832 2090 ἀπιστηθησομένην.
887 1983 1170 2090 Ἀλεξάνδρου
1197 2019 1282 2075 γάρ
1304 2024 1384 2063 τοῦ
1406 2019 1616 2075 βασιλέως
1644 2019 1784 2090 βραχύ

408 2077 496 2132 πρὸ
524 2080 611 2119 τῶν
641 2075 883 2119 ἐνεστώτων
919 2076 1092 2131 χρόνων
1119 2076 1539 2132 χρηστηριαζομένου
1568 2076 1678 2120 κατὰ
1705 2092 1786 2137 την

409 2135 628 2182 Κιλικίαν,
656 2131 764 2176 ἔνθα
773 2133 922 2202 φασιν
945 2132 1215 2183 ’Λπόλλωνος
1233 2135 1547 2203 Σαρπηδονίου
1581 2131 1699 2201 ἱερὸν
1728 2138 1785 2176 εἰ·

407 2208 497 2243 ναι,
530 2187 696 2233 ἀνελεῖν
727 2187 844 2259 αὐτῷ
872 2188 1035 2258 λέγεται
1065 2189 1141 2233 τὸν
1168 2188 1277 2233 θεὸν
1306 2188 1584 2258 φυλάξασθαι
1610 2188 1688 2232 τὸν
1715 2189 1785 2233 τό·

407 2263 496 2292 πον
522 2245 600 2289 τὸν
605 2245 858 2314 ἐνεγκόντα
887 2246 964 2289 τὸν
993 2248 1230 2314 δίμορφον.
1259 2263 1332 2290 και
1360 2244 1454 2289 τότε
1483 2246 1560 2315 μὲν
1591 2246 1784 2314 αἰνιγμα-

325 2312 378 2352 10
407 2303 525 2358 τωδη
565 2299 645 2345 τόν
689 2301 886 2358 χρησμὸν
925 2300 1036 2346 εἶναι
1075 2302 1224 2354 δόξαι,
1272 2302 1457 2357 ὕστερον
1492 2301 1641 2372 μέντοι
1678 2300 1787 2370 μετὰ

404 2363 485 2417 τὴν
513 2357 733 2425 τελευτὴν
751 2363 832 2401 τοῦ
863 2359 1082 2430 βασιλέηως
1100 2358 1424 2430 ἐπιγνωσθῆναι
1451 2358 1500 2401 τὸ
1532 2357 1684 2429 λόγιον
1712 2356 1785 2401 διὰ

405 2415 612 2466 τοιαύτας
640 2431 761 2466 τινας
791 2417 938 2466 αἰτίας.
969 2419 1043 2472 τῆς
1071 2414 1271 2470 Ἀραβίας
1301 2415 1348 2458 έν
1374 2420 1467 2466 ταῖς
1495 2413 1785 2485 καλουμέναις

393 2474 544 2531 ’Ἇβαις
584 2470 689 2515 dina
724 2487 788 2524 τις
814 2471 1068 2529 Διόφαντος
1096 2471 1263 2528 ὄνομα,
1300 2471 1349 2516 τὸ
1388 2472 1434 2516 ὁὲ
1470 2471 1599 2529 γένος
1627 2474 1783 2515 Μακε-

405 2657 463 2691 92.
493 2674 532 2680 -
554 2652 915 2688 522.57.P110tius
945 2664 979 2697 p.
1003 2653 1083 2687 377.
1107 2664 1130 2687 a
1151 2652 1208 2687 3-1.
1234 2673 1278 2678 --
1301 2651 1380 2707 379.
1406 2664 1429 2688 a
1451 2653 1507 2688 30.
1647 2651 1785 2698 ἱστορεῖ

404 2722 451 2730 ·-
469 2701 606 2756 κοίλης]
630 2699 690 2734 καὶ
708 2699 785 2734 τῶν
799 2700 832 2733 Β
852 2703 886 2733 et
909 2704 1081 2733 correctus
1097 2700 1139 2740 A,
1163 2699 1224 2743 qui
1247 2698 1410 2733 omiserat
1500 2698 1779 2744 βασιλεύσαντα]

403 2745 699 2805 βασιλενσαντων
723 2745 755 2778 Β
870 2744 971 2790 φησὶ
986 2744 1024 2780 δὲ
1012 2747 1039 2789 ]
1066 2745 1157 2791 φησὶ
1180 2747 1211 2779 Β
1325 2745 1382 2779 92.
1405 2746 1666 2788 πεντακοσίων]
1690 2758 1781 2780 πεν-

407 2794 596 2833 τακοσίοις
619 2793 727 2826 Amst.
863 2790 922 2825 94.
947 2803 994 2835 ην
1018 2803 1087 2825 om.
1119 2793 1151 2825 B
1286 2791 1344 2825 97.
1373 2789 1647 2836 ἐπαγγελόμενοι
1669 2791 1777 2826 Amst

544 2840 579 2873 3.
604 2835 696 2882 πρὸ]
727 2835 820 2882 πρὸς
844 2838 874 2871 Β
1025 2837 1059 2872 5.
1084 2833 1312 2881 ἐνεστώτων]
1348 2837 1513 2872 ἑστώτων
1535 2838 1642 2872 Amst.

405 2886 440 2921 9.
465 2884 566 2921 tima
592 2895 644 2930 pr.
661 2893 766 2918 manu
797 2884 848 2925 A,
873 2881 968 2920 θέαν
991 2884 1043 2926 Β,
1067 2882 1160 2920 θεὸν
1184 2884 1312 2928 Amet„
1336 2884 1463 2918 caeteri
1487 2881 1551 2919 τὸν
1574 2881 1667 2919 θεὸν
