1968 3346
357 240 658 283 EXCERPTA
686 239 1061 281 LEGATIONVM
1090 240 1137 281 L.
1168 238 1360 282 XXXIII
1467 243 1552 284 173

163 354 244 412 μὲν
263 357 353 397 τῶν
381 354 547 396 κοινῶν
573 354 647 407 τῆς
676 351 839 401 ἱκεσίας
867 349 1041 405 νόμων,
1072 349 1179 405 παρ’
1213 351 1346 395 οὐδὲν
1376 350 1422 395 δε
1449 350 1553 421 ἡγή-

162 423 298 454 σαντο
328 411 408 466 τὴν
445 413 534 452 τῶν
563 412 833 477 συγγενικῶν
869 406 1192 476 ἀφιδρυμάτων
1232 410 1306 452 καὶ
1335 412 1453 451 θεῶν
1484 407 1552 451 εὐ-

164 468 356 537 σέβειαν·
395 466 545 519 διόπερ
576 465 628 507 τοὶ
657 463 736 518 μὲν
765 467 853 506 τῶν
881 468 1002 506 θεῶν
1032 465 1256 533 ἀγάλματα
1287 467 1550 519 συντρίψαν-
1581 468 1662 508 100

162 540 231 574 τες
269 522 530 576 ὑβριστικῶς
569 519 890 574 κατεπάτησαν,
932 519 1036 571 τούς
1073 520 1119 564 δὲ
1154 521 1423 591 πρεσβευτας
1462 521 1551 564 ἐπε-

163 582 378 652 βάλλοντο
407 584 498 629 τοῖς
526 579 670 627 λίθοις
700 577 964 620 καταλεύειν.
1004 578 1313 646 πρεσβυτέρων
1344 577 1388 621 δέ
1417 594 1552 620 τινων

162 636 487 704 ἐπιλαβομένων
506 637 581 689 τῆς
611 632 750 687 ὁρμῆς
778 638 867 677 τῶν
877 632 1060 704 ὄχλων,
1090 632 1216 689 μόγις
1246 634 1319 677 διὰ
1347 633 1426 688 τήν
1453 635 1551 677 τού-

161 710 252 736 των
287 691 502 760 ἐντροπὴν
532 694 612 760 τοῦ
650 689 824 761 βάλλειν
862 689 1156 746 ἀποσχόμενοι
1193 691 1462 745 προςέταξαν
1492 693 1552 742 εἰς
1608 718 1637 761 5

163 750 244 806 τὴν
273 747 477 805 φυλακην
510 745 670 797 αὐτοὺς
700 745 948 817 ἀπαγαγεῖν.
1578 777 1637 816 3⁰

62 826 64 829 ’
97 817 166 852 629
265 806 362 849 “Ou
381 809 664 873 Νομαντῖνοι
685 804 758 847 καὶ
780 802 1040 860 Τερμήσσιοι
1063 803 1163 857 περὶ
1195 801 1433 854 διαλύσεως
1461 804 1552 845 δια-

164 861 541 936 πρεσβευσάμενοι
583 860 694 915 πρὸς
727 859 991 916 Ρωμαίους,
1041 861 1353 916 συνεχώρησαν
1401 857 1553 909 αὐτοῖς

158 920 244 992 τήν
273 919 449 988 εἰρήνην
478 917 548 961 ἐπὶ
583 916 774 967 τούτοις·
816 919 975 960 δοῦναι
1010 921 1100 960 τῶν
1136 917 1309 961 πόλεων
1344 915 1553 971 ἑκατέραν

158 976 385 1045 Ῥωμαίοις
421 974 615 1030 ὁμήρους
650 976 956 1028 τριακοσίους,
996 973 1159 1028 σάγους
1197 975 1550 1043 ἐννακιςχιλιόυς,

165 1031 333 1102 βύρσας
351 1033 603 1087 τριςχιλίας,
635 1032 797 1081 ἵππους
822 1031 1083 1085 πολεμιστάς
1102 1029 1405 1082 ὀκτακοσίους,
1437 1029 1551 1073 ὅπλα

164 1089 332 1134 πάντα·-
355 1089 429 1132 καὶ
449 1092 587 1130 ταῦτα
606 1087 855 1148 πράξαντας
876 1091 1034 1143 φίλους
1056 1104 1167 1131 ειναι
1187 1089 1261 1130 καὶ
1284 1085 1549 1157 συμμάχους.
1583 1089 1636 1136 15

163 1148 394 1202 ταχθείσης
425 1144 470 1188 δε
498 1143 662 1213 ᾑμέρας
698 1143 746 1187 ἐν
779 1148 807 1199 ἡ
837 1149 975 1187 ταῦτα
1005 1149 1226 1188 συντελεῖν
1255 1145 1341 1188 ἔδει
1369 1145 1447 1194 τὰς
1475 1143 1553 1187 πό-

162 1208 274 1254 λεις,
317 1200 427 1246 κατά
465 1201 542 1252 τὰς
584 1200 819 1256 ὁμολογίας
856 1201 999 1244 πάντα
1039 1202 1247 1244 ἐτέλεσαν.
1301 1200 1361 1252 ὥς
1401 1201 1446 1245 δὲ
1486 1201 1555 1244 ἐπὶ

163 1263 361 1313 τελευτῆς
400 1259 484 1302 ε’δει
508 1258 622 1328 τὴν
651 1261 740 1300 τῶν
784 1257 933 1301 ὅπλων
979 1257 1228 1311 παράδοσιν
1267 1257 1554 1314 ποιήσασθαι,

164 1315 365 1386 ὀδυρμὸς
384 1332 449 1365 τις
470 1312 648 1383 εὐγενής
669 1316 725 1370 ἠν
747 1317 817 1357 καὶ
841 1313 1112 1368 παράστασις
1130 1318 1271 1370 ψυχῆς
1299 1315 1410 1371 πρὸς
1441 1315 1554 1358 ἐλευ-

164 1375 320 1427 θερίαν
350 1371 520 1416 ἐνέπεσε
549 1377 641 1422 τοῖς
678 1370 875 1426 πλήθεσι.
908 1372 978 1415 διὸ
1008 1371 1120 1426 πρὸς
1150 1371 1364 1442 ἀλλήλους
1396 1373 1552 1415 ἐδεινο-
1582 1377 1639 1421 20

164 1430 345 1475 πάθουν
361 1431 397 1472 εἰ
414 1445 498 1484 γυν
501 1445 639 1472 αικων
657 1428 823 1481 τρόπον
848 1429 1160 1498 γυμνώσουσιν
1189 1428 1375 1480 εαυτοῦς
1393 1429 1554 1472 ὅπλων.

165 1484 502 1558 μεταμελόμενοι
545 1485 592 1529 δε
629 1491 721 1536 τοῖς
766 1491 1057 1555 ψηφισθεῖσιν
1101 1484 1313 1541 ἀλλήλους
1350 1486 1555 1541 κατεμέμ-

166 1560 332 1600 φοντο,
372 1543 446 1586 καὶ
473 1541 653 1596 πατέρες
683 1542 761 1612 μὲν
790 1545 903 1593 υἱοῖς
932 1541 1190 1593 ἐνεκάλουν,
1223 1545 1377 1594 παῖδες
1407 1544 1453 1586 ὁε
1483 1559 1554 1596 γο-

165 1606 311 1652 νεῦσι,
350 1604 554 1667 γυναῖκες
595 1598 641 1642 δὲ
678 1597 878 1652 ἀνδράσι.
919 1600 992 1642 καὶ
1023 1599 1090 1642 ἐπὶ
1118 1599 1199 1669 τὴν
1227 1599 1270 1651 ἐξ
1299 1598 1432 1655 ἀρχῆς
1463 1598 1553 1643 διά-
1584 1601 1640 1647 25

166 1663 295 1701 θεσιν
314 1655 660 1710 ἀναδραμόντες,
693 1656 766 1699 καὶ
787 1660 876 1698 τῶν
903 1655 1052 1699 ὅπλων
1076 1654 1129 1700 06
1148 1658 1555 1713 παραχωρήσαντες,

166 1713 447 1758 άνεκαίνισαν
476 1712 554 1756 τόν
584 1711 692 1765 πρὸς
716 1710 955 1767 Ρωμαίους
983 1712 1189 1768 πόλεμον.

268 1770 367 1813 “On
400 1770 610 1838 Τρύφων
628 1769 669 1820 ἐξ
700 1768 879 1812 ἰδιώτου
917 1770 1123 1825 βασιλεὺς
1152 1784 1345 1825 γεγονως
1374 1769 1555 1812 ε’σπευδε

165 1844 248 1884 την
277 1829 536 1870 δυναστείαν
557 1824 674 1881 αὐτῷ
705 1825 778 1868 δια
808 1825 1024 1881 δόγματος
1054 1830 1346 1896 συγκλητικοῦ
1375 1829 1554 1882 βεβαιῶ-

167 1897 252 1928 σαι.
284 1883 435 1937 διόπερ
464 1882 789 1932 κατασκευάσας
825 1885 973 1938 Νίκην
1000 1888 1166 1938 χρυσῆν
1195 1883 1396 1955 ἄγουσαν
1422 1883 1555 1937 ὁλκὴν

163 1943 384 2010 χρυσίνων
412 1942 584 1995 μυρίων
615 1939 877 1990 ἐξαπέστειλε
904 1909 1172 2009 n‘986ssevtag
1201 1942 1262 1990 εἰς
1281 1940 1360 1996 τήν
1386 1937 1556 1994 Ῥωμην
1583 1943 1639 1986 35

166 1997 269 2047 τοὺς
285 1996 448 2052 ταύτην
477 2000 741 2052 κομιοῦντας
769 2000 831 2054 τῷ
845 1996 997 2067 δήμῳ.
1032 1995 1309 2051 ὑπελάμβανε
1338 1996 1421 2050 γάρ
1453 1996 1557 2046 τούς

162 2054 402 2109 Ῥωμαίους
440 2053 530 2115 ἅμα
570 2069 648 2108 μεν
688 2051 761 2095 διά
805 2052 854 2096 τό
895 2053 1135 2106 λυσιτελές,
1185 2070 1275 2108 αμα
1313 2054 1358 2096 δὲ
1398 2052 1469 2096 δια
1506 2053 1556 2097 τό

167 2110 449 2155 εὕοιώνιστον
479 2115 610 2161 εῖναι,
652 2110 976 2167 προςδέξασθαι
1008 2110 1090 2167 τὴν
1119 2112 1284 2166 Νίκην,
1324 2111 1397 2153 καὶ
1432 2126 1559 2164 προς-

168 2172 467 2239 αγορευθῆναι
496 2165 685 2237 βασιλέα.
736 2168 836 2221 εὐρε
867 2167 914 2210 δε
943 2184 1023 2222 την
1062 2167 1305 2223 σύγκλητον
1334 2167 1451 2210 πάνυ
1480 2182 1559 2210 πα-

165 2224 464 2295 νουργοτέραν
505 2223 665 2267 ἑαυτοῦ
702 2224 777 2267 καὶ
812 2222 917 2274 τους
956 2223 1100 2281 ἀπάτῃ
1136 2224 1558 2278 παρακρουομένους
1586 2233 1642 2274 40

169 2282 341 2325 συνέσει
377 2283 814 2350 καταμαρτυροῦσαν.
859 2280 909 2324 τό
946 2297 1026 2337 μεν
1066 2282 1152 2336 γὰρ
1194 2284 1341 2334 δωρον
1387 2280 1560 2332 ἐδέξατο

167 2339 242 2382 καὶ
271 2338 352 2408 τήν
387 2338 608 2393 εὐφημίαν
640 2353 744 2392 μετα
783 2341 865 2380 τοῦ
902 2342 1158 2388 λυσιτελοῦς
1189 2336 1420 2407 ἐτήρησεν,
1450 2335 1562 2380 ἀντὶ

170 2394 217 2438 δε
252 2393 498 2451 Τρύφωνος
535 2396 942 2450 μεταχρηματίσασα
979 2393 1060 2451 τὴν
1101 2393 1228 2438 δόσιν
1270 2396 1331 2445 εἰς
1369 2393 1448 2437 τόν
1476 2391 1558 2437 ὑπ’

1582 833 1638 875 10

1582 1746 1641 1785 31

1582 1805 1640 1844 30

170 2496 229 2532 99.
253 2496 318 2532 καὶ
341 2497 460 2540 θεων]
485 2496 588 2532 θεων
611 2495 737 2530 suidas
759 2507 796 2530 v.
822 2492 1074 2552 ἀνηρτημένοι
1096 2497 1133 2531 ἰη
1157 2497 1210 2531 ed.
1235 2495 1488 2531 Mediolanensi

263 2544 344 2578 629.
371 2543 405 2577 9.
435 2541 660 2599 Τερμήσσιοι
683 2543 746 2584 Μ,
775 2541 981 2589 Τερμήσιοι
1005 2545 1036 2579 V
1200 2542 1254 2577 18.
1291 2557 1336 2588 ην
1362 2555 1423 2585 pos
1410 2549 1440 2577 t
1463 2542 1563 2586 εὔγε-

169 2585 237 2636 νὴς
268 2590 367 2634 ponit
388 2590 449 2634 M,
483 2594 560 2634 post
592 2568 756 2633 ὀδυρμὸς
778 2590 811 2623 V
960 2591 1016 2624 ²1.
1050 2587 1339 2644 γυμνώσονσιν
1330 2590 1387 2624 Μ
1421 2588 1563 2647 γυμνά·

172 2648 300 2671 σουσιν
324 2636 357 2669 V
495 2635 553 2670 23.
576 2634 675 2675 υἱοῖς
699 2635 844 2670 Vrsinus
868 2635 905 2670 in
925 2637 1168 2680 annotatione,
1193 2633 1300 2676 υἱούς
1324 2635 1418 2674 MV.
1443 2635 1561 2670 νιεσιν

170 2683 223 2716 ed.
248 2682 366 2716 Vrsini
478 2681 536 2717 34.
561 2682 756 2726 χρυσίνων]
781 2684 944 2726 χρυσίων
968 2683 1095 2716 Suidas
1221 2682 1278 2718 37.
1303 2678 1560 2724 εὕοιώνιστον]

172 2727 365 2764 εὕνόϊστον
388 2728 429 2762 Μ
544 2728 602 2762 38.
626 2728 789 2774 βασιλέα]
815 2730 1060 2772 exspectabam
1084 2731 1145 2763 aut
1168 2725 1337 2783 βασιλεύς
1361 2732 1422 2761 aut
1446 2739 1560 2774 προς-

173 2776 371 2820 αγορεῦσαι
518 2774 576 2808 40.
600 2774 980 2819 παρακρουομένους]
1017 2774 1351 2819 παρακουομένους
1381 2774 1420 2806 Μ

171 2821 546 2866 καταμαρτυροῦσαν]
572 2822 926 2867 καταμαρτυροῦσαι
949 2822 1010 2866 M,
1035 2820 1391 2868 καθυπερτεροῦσαν
1415 2819 1471 2854 vel
1495 2832 1560 2855 κα-

170 2870 473 2913 ταπροτεροῦσαν
497 2867 579 2902 Rei.
577 2868 661 2903 kius
