1968 3346
456 276 538 315 191
776 269 1200 312 FRAGMENTA
1239 271 1283 310 L.
1313 270 1517 312 V1.-x.

458 381 797 426 συντελεσθέντα
832 378 911 425 ὑπ’
941 379 1081 425 αὐτοῦ
1119 384 1265 431 καλῶς
1295 334 1637 451 διαπορεύεσθαι
1672 381 1911 453 διὲσυρε639

459 440 536 490 τὰς
565 439 671 493 ἐμάς
700 437 896 492 πράξεις
938 437 1266 507 φιλοτιμοτερος
1297 438 1361 480 ὠν
1388 437 1418 494 ἢ
1447 441 1640 482 δίκαιον·
1691 436 1726 499 ᾦ
1756 441 1843 495 γάρ

459 497 533 540 καὶ
563 498 677 546 ἰδίας
711 497 925 567 σωτηρίας
962 494 1038 545 τὰς
1069 497 1272 550 μεγίστας
1309 493 1477 550 ὀφείλει
1505 495 1702 551 χάριτας
1744 499 1844 540 τού

375 560 431 599 80
460 569 541 596 του
570 551 649 595 τὸν
676 551 745 595 ἐπὶ
773 558 864 603 τοῖς
893 556 1037 602 καλῶς
1066 556 1326 607 πραχθεῖσιν
1355 552 1537 595 ἔπαινον
1566 552 1638 595 διὰ
1668 551 1848 607 φθόνον

461 608 696 666 ἀφηρηται.
745 608 829 664 ἐγω
860 609 906 651 δὲ
937 607 1139 678 ὁμολογῶ
1170 624 1249 662 μεν
1288 608 1336 651 ἐν
1364 613 1456 658 τοῖς
1493 608 1586 652 τότε
1615 608 1848 680 γεγενημέ-

461 683 558 717 νοις
576 663 800 716 κινδύνοις
829 664 1011 720 εύτυχης
1039 663 1252 719 υπάρξαι,
1285 666 1396 720 φημὶ
1427 664 1472 733 ᾃε
1501 665 1717 719 πρότερον
1738 667 1849 721 ἁγα-

461 722 544 774 θός
582 722 800 792 γενέσθαι
852 723 888 765 εἰ
918 738 998 793 μεν
1033 721 1118 776 γὰρ
1158 721 1357 772 ἐκκλίνας
1386 721 1473 792 τήν
1501 726 1591 765 τῶν
1629 725 1850 777 πολεμίων

461 778 683 851 ἐπιφορὰν
723 778 915 831 ἄτρωτος
949 776 1184 848 ἐγενόμην,
1226 776 1310 821 οὐκ
1349 775 1506 848 εὐτυχῆ
1545 794 1617 834 με
1635 782 1851 835 προςῆκεν

377 841 432 884 85
462 834 696 906 ὀνομάζειν
729 833 841 878 ἄλλα
872 835 1036 887 δειλόν,
1069 831 1169 878 ουδ’
1201 832 1313 890 ’ὑπερ
1338 833 1570 888 ἀριστείων
1593 836 1734 891 λέγειν
1762 838 1852 890 κρί-

463 906 555 946 σιν,
585 891 693 936 άλλά
722 896 817 943 ταῖς
844 892 891 935 ἐκ
920 896 1010 935 τῶν
1029 890 1181 944 νόμων
1205 894 1435 963 τιμωρίαις
1456 893 1848 946 περιπεπτωκέναι·

464 950 556 994 ἐπεὶ
586 949 632 993 δ’
672 949 719 992 ἐν
746 947 949 1019 πρώτοις
985 947 1228 1021 μαχόμενος
1265 949 1338 991 καὶ
1377 948 1483 1000 τούς
1524 949 1852 1016 ὑφισταμένους

464 1006 665 1076 ἅναιρων
704 1003 788 1048 οὐκ
827 1005 995 1048 ἔπαθον
1030 1005 1138 1060 ἅπερ
1172 1005 1354 1058 ἔπραξα,
1394 1006 1549 1060 ῥητέον
1581 1005 1662 1049 οὐκ
1693 1004 1851 1061 εὐτυχῆ

379 1071 435 1110 9Ο
465 1080 516 1120 με
545 1063 686 1119 μόνον
715 1060 822 1105 ἄλλα
854 1063 927 1105 καὶ
959 1060 1144 1116 άγαθόν.
1191 1063 1273 1105 εἴτε
1302 1061 1386 1117 γὰρ
1419 1079 1462 1106 οι
1489 1062 1692 1115 πολέμιοι
1721 1080 1851 1106 κατα-

463 1121 697 1176 πλαγέντες
725 1118 805 1174 τήν
821 1118 998 1203 άρετῇν
1023 1117 1108 1162 ούκ
1136 1118 1381 1187 ἐτόλμησαν
1403 1117 1684 1191 ἀμύνασθαι,
1723 1117 1852 1174 μεγά-

463 1182 553 1221 λων
583 1177 776 1219 ἐπαίνων
815 1175 842 1218 ά
846 1177 933 1226 ξιος
972 1174 1026 1218 ὃν
1041 1174 1380 1245 ἐφοβήθησαν,
1418 1174 1493 1218 εἴτ
1525 1176 1703 1220 ἐκείνων
1742 1175 1852 1232 άγω-

463 1234 651 1301 νιζομέτ
643 1249 706 1275 ων
735 1231 941 1286 εὐθύμως
968 1231 1050 1287 ἐγω
1073 1249 1161 1286 φον
1166 1232 1280 1275 εύων
1300 1249 1405 1282 τους
1435 1230 1755 1288 ἀνθεστηκότας
1778 1233 1853 1276 καὶ

378 1294 434 1338 95
464 1295 545 1333 τοῦ
588 1288 804 1359 σώματος
831 1288 1073 1360 ἐποιούμην
1111 1288 1352 1341 πρόνοιαν.
1405 1288 1611 1341 ἀνδρεῖος
1651 1289 1741 1344 άμοι
1779 1289 1857 1333 καὶ·

465 1345 657 1397 συνετός.
697 1345 720 1389 ὁ
749 1345 835 1401 γάρ
866 1345 913 1389 ἐν
944 1345 1063 1415 αύτῷ
1091 1350 1152 1416 τῷ
1182 1351 1460 1415 θυμομαχεῖν
1484 1346 1719 1416 ἐμφρόνως
1748 1345 1854 1390 ὑπο-

464 1404 609 1459 μένων
637 1401 687 1445 τὸ
726 1402 875 1445 δεινόν
904 1402 1113 1470 εκατέρας
1139 1402 1222 1471 ε’χει
1251 1402 1328 1453 τάς
1358 1402 1535 1454 ἀρετάς,
1579 1402 1780 1460 στόματός
1809 1418 1854 1445 τε

463 1460 536 1504 καὶ
555 1463 708 1527 ψυχῆς.
737 1460 881 1501 καίτοι
901 1475 965 1527 γε
969 1463 1108 1502 ταῦτα
1125 1458 1178 1502 τὰ
1200 1460 1346 1502 δίκαια
1363 1459 1477 1514 πρός
1505 1460 1678 1514 ἑτέρους
1702 1462 1757 1515 ὴν
1777 1477 1854 1514 μοι

464 1517 621 1572 ῥητέον
650 1515 859 1570 α’μείνους
886 1514 1060 1558 τούτου.
1093 1513 1164 1558 ὅτε
1193 1515 1296 1585 γάρ
1310 1517 1526 1560 Κλέοννιν
1555 1517 1856 1584 παραλελυμέ-

351 1579 433 1622 100
463 1590 546 1616 νον
573 1573 620 1616 ἐκ
643 1576 718 1628 τῆς
748 1571 885 1641 μάχης
916 1574 974 1622 εἰς
1002 1574 1082 1643 τὴν
1111 1570 1240 1615 πόλιν
1270 1570 1492 1627 ἀπήνεγκα
1515 1573 1741 1627 τάμαυτοῦ
1772 1570 1855 1615 συό-

464 1635 549 1683 ζων
579 1629 710 1678 ὅπλα,
742 1630 815 1672 καὶ
844 1627 923 1672 ὑπ’
958 1627 1100 1672 αὐτοῦ
1130 1629 1360 1682 κεκρίσθαι
1389 1630 1552 1684 νομίζω
1582 1629 1631 1673 τό
1669 1632 1854 1672 δίκαιον

462 1689 606 1731 καίτοι
626 1702 672 1740 γε
697 1686 968 1739 παροραθεὶς
998 1683 1101 1728 τόθ’
1129 1683 1212 1738 ὑφ’
1245 1683 1370 1754 ἡμῶν
1399 1687 1507 1737 ἴσως
1537 1685 1619 1729 οὐκ
1649 1685 1704 1729 ἂν
1734 1684 1855 1741 ἤριζε

461 1748 550 1787 νῦν
576 1742 688 1797 ὑπὲρ
719 1741 973 1796 α’ριστείων,
1005 1740 1109 1785 οὐδε
1139 1741 1368 1796 διασύρων
1387 1747 1649 1798 τηλικοῦτον
1670 1742 1856 1811 μέγεθος

406 1804 433 1846 5
462 1800 711 1855 εὐεργεσίας
748 1800 862 1869 ἔλεγε
901 1798 1039 1868 μηδεν
1078 1797 1191 1842 εἶναι
1227 1798 1338 1855 μέγα
1375 1800 1422 1843 τὸ
1456 1800 1654 1869 πραχθὲν
1691 1799 1764 1842 δια
1802 1796 1853 1841 τὸ

463 1856 566 1900 κατ’
605 1856 775 1899 ἐκεῖνον
808 1854 887 1898 τὸν
916 1854 1074 1927 καιρὸν
1099 1855 1358 1917 ἀποχωρεῖν
1395 1855 1441 1899 ἐκ
1471 1860 1549 1912 τῆς
1578 1855 1714 1912 μάχης
1750 1854 1857 1906 τοὺς

460 1915 709 1967 πολεμίους.
751 1913 815 1963 τίς
843 1911 927 1967 γάρ
958 1912 1041 1955 οὐκ
1071 1910 1190 1956 οἶδεν
1218 1912 1286 1955 ὅτι
1314 1911 1525 1963 πολλάκις
1557 1915 1601 1956 οἷ
1628 1912 1857 1956 διαλυθέν-

460 1987 529 2021 τες
562 1970 608 2013 ἐκ
651 1974 727 2024 τῆς
766 1968 925 2038 μάχης
944 1969 986 2022 ἐξ
1024 1968 1313 2040 ὑποστροφῆς
1342 1969 1551 2013 εἰώθασιν
1579 1969 1855 2012 ἐπιτίθεσθαι

379 2034 433 2076 10
463 2028 538 2070 καὶ
568 2028 804 2095 στρατηγίᾳ
843 2024 980 2095 ταύτῃ
1020 2025 1306 2096 χρησάμενοι
1324 2026 1555 2097 τυγχάνειν
1593 2031 1671 2096 τῆς
1705 2028 1854 2087 νίκης;

461 2083 592 2127 ἱκανά
623 2099 699 2138 μοι
727 2081 781 2125 τὰ
813 2082 1027 2138 ῥηθέντα·
1067 2082 1213 2138 λόγων
1251 2099 1337 2138 γαρ
1366 2082 1586 2127 πλειόνων
1616 2082 1700 2127 οὐκ
1729 2088 1856 2138 οἰμαι

458 2140 578 2196 ὑμᾶς
607 2140 907 2210 προςδεῖσθαι.

577 2196 758 2240 Τούτων
788 2194 1025 2266 ρηθέντων
1044 2212 1087 2238 οι
1117 2194 1365 2249 δικάζοντες
1394 2193 1706 2253 ὁμογνώμονες
1731 2193 1855 2253 γενό·

458 2269 584 2310 μενοι
612 2252 884 2309 προέκριναν
911 2250 991 2296 τόν
1013 2249 1339 2310 Ἀριστομένην.

379 2372 433 2414 15
1076 2352 1242 2396 XXIII.

521 2432 789 2504 Κιθαρῳδός
818 2431 842 2478 ὁ
877 2433 1156 2487 Τέρπανδρος
1183 2435 1246 2489 τῷ
1273 2431 1389 2488 γένει
1417 2435 1732 2489 Μηθυμναῖος.

522 2490 852 2535 στασιασάντων
882 2490 927 2533 δέ
957 2505 1062 2533 ποτε
1092 2506 1182 2532 των
1212 2478 1576 2544 Λακεδαιμονίων

520 2547 713 2603 χρησμὸς
743 2544 895 2597 αὐτοῖς
923 2546 1090 2598 ἐξέπεσε
1118 2545 1250 2589 πάλιν
1280 2550 1576 2618 φιλιωθῆναι,

380 2620 435 2661 20
522 2606 577 2647 ἄν
605 2604 653 2647 ἐκ
684 2603 940 2659 Μηθύμνης
975 2603 1256 2656 Τέρπανδρος
1285 2603 1468 2654 ἐκείνοις
1496 2603 1720 2659 κιθαρίσῃ.

521 2661 596 2704 καὶ
625 2659 679 2730 δη
709 2677 750 2702 τι
779 2660 906 2714 μέλος
942 2659 1222 2714 Τέρπανδρος
1252 2660 1471 2729 ἐντέχνως
1487 2663 1734 2712 καθαρίσας

524 2715 687 2768 αὐτοὺς
712 2715 846 2760 πάλιν
875 2716 1151 2772 συνήρμοσε,
1181 2715 1412 2771 Διόδωρος
1441 2733 1497 2767 ως
1524 2715 1710 2772 γράφει,

555 2842 636 2876 63¹).
660 2841 707 2875 95
740 2853 792 2874 τω
817 2839 934 2874 addidi
959 2851 1039 2874 cum
1068 2841 1151 2875 Wse
1153 2841 1299 2887 selingio
1332 2843 1366 2874 et
1390 2840 1446 2875 98.
1471 2838 1518 2874 τὰ
1685 2840 1718 2875 3.
1743 2838 1851 2884 ἡμῶν

465 2888 566 2923 We&
568 2888 734 2934 elingius:
756 2899 863 2932 υμων
886 2887 940 2922 ed.
965 2887 1137 2931 Stephani
1282 2885 1315 2922 5
1340 2885 1471 2932 μηδὲν]
1495 2884 1619 2932 μηθεν
1644 2888 1697 2925 ed.
1722 2887 1848 2932 steph.
