1968 3346
3 2550 29 2605 fl}

2 2608 30 2661 ζ’ῖζ

0 2665 29 2694 καὶ

441 221 865 268 FRAGMENTA
902 221 949 262 L.
980 220 1257 263 xyst—XL.
1458 223 1543 263 2⁰3

767 332 926 376 XLIX.

154 413 374 485 Ἀννίβας,
406 412 466 466 ὥς
493 411 725 483 Διόδωρος
754 410 915 484 γράφει
943 409 1016 454 καὶ
1046 409 1226 452 Δίων
1197 427 1312 467 αμα,

159 471 245 515 σύν
272 470 446 521 τούτοις
474 468 712 519 Διονύσιος
743 486 766 511 ο
793 465 1211 538 Ἅλικαρνασσόθεν,

157 523 215 599 ᾖν
243 527 483 600 στρατηγός
512 530 602 570 τῶν
631 529 852 577 Σικελῶν,
883 523 980 576 υίὸς
1009 524 1054 566 δὲ
1084 527 1165 566 τοῦ
1188 523 1381 579 Ἀμίλκα.

159 585 275 635 ὅςτις
299 583 511 654 Ἀμίλκας
532 582 768 652 σύμπασαν
798 578 880 624 εἷλε
910 581 989 637 τὴν
999 578 1228 651 -Ιβῃρίαν,

159 639 308 692 δόλοις
318 638 606 710 ἐπιθεμένων
641 638 687 682 δὲ
718 639 928 682 κτείνεται
956 641 1045 680 τῶν
1068 634 1266 694 Ἰβήρων.
1604 641 1632 683 5

159 697 240 741 τὸν
267 696 410 741 πάντα
438 694 602 740 τούτου
630 695 714 765 γὰρ
746 707 853 767 στρ(
856 693 932 737 τὸν
963 692 1142 766 φεύγειν
1171 689 1381 744 κελεύσας
1409 692 1506 737 τότε

160 753 236 797 καὶ
264 753 618 808 προςπλακέντας
635 753 741 803 τοὺς
770 749 897 801 υἱούς
925 751 997 793 καὶ
1029 754 1270 820 συνθανεῖν
1296 754 1551 802 ποθοῦντας

162 809 333 863 μάστιξι
359 809 676 867 παρωσάμενος
706 807 974 878 συμφεύγειν
1005 811 1098 858 τοῖς
1127 805 1313 860 ἑτέροις,

160 866 364 923 Ἀννίβαν
392 867 699 911 πεντεκαίδεκα
728 869 818 909 τῶν
834 863 1021 936 χρόνων
1047 861 1354 933 ύπηργμένον,
1615 907 1618 912 ,

156 921 442 994 Ἀσδρούβαν
465 923 512 968 δὲ
541 923 766 974 δυώδεκα,
799 920 878 966 τὸν
906 920 1074 992 λόφον,
1105 920 1184 991 τὴν
1214 921 1379 964 κυνέαν
1585 928 1637 967 10

163 996 276 1033 αρας
303 996 442 1024 αυτου
469 982 547 1050 τῆς
573 982 811 1050 κεφαλῆς,
823 982 915 1029 τοῖς
932 976 1132 1048 Ἴβηρσιν
1161 975 1376 1048 ἐγνώσθη

163 1036 340 1080 πάντων
368 1035 411 1080 δ’
437 1034 623 1105 Ἰβήρων
652 1033 722 1079 ἐπ’
755 1032 894 1079 αὐτὸν
926 1033 987 1085 ὦς
1015 1031 1134 1104 εἶχον
1164 1033 1479 1089 ὁρμησάντων,

165 1094 211 1136 οἱ
243 1091 482 1163 φεύγοντες
511 1090 722 1145 ἐσώζοντο
752 1090 1040 1152 τυγχάνοντες
1071 1089 1230 1144 ἀδείας

163 1165 224 1200 ως
253 1149 300 1192 δὲ
331 1149 533 1193 σωθέντα
562 1148 640 1193 τὸν
671 1148 859 1220 στρατὸν
889 1146 1000 1199 εἶδε,
1033 1148 1243 1203 στραφεὶς
1278 1146 1422 1192 ὀπίσω

161 1204 319 1249 λοιπὸν
348 1205 585 1276 σπουδάζει
611 1202 718 1262 μηδ’
751 1203 885 1255 αὐτὸς
900 1204 1071 1274 Ίβηρσι
1100 1200 1392 1275 κρατηθῆναι.
1588 1211 1644 1255 15

164 1261 462 1332 ἐπικειμένων
475 1261 521 1306 δὲ
551 1264 759 1333 σφοδρως
788 1260 1009 1305 κυκλόθεν
1037 1276 1126 1304 των
1153 1259 1338 1329 Ἰβηρων
1562 1274 1566 1276 ’

165 1318 243 1363 τὸν
271 1320 406 1363 ι’ππον
437 1317 758 1389 ἀκρατέστερον
792 1318 949 1369 ἐλάσας
977 1318 1055 1361 τὸν
1086 1319 1250 1361 οἰκεῖον

164 1379 247 1418 τοῦ
277 1381 480 1431 ποταμοῦ
509 1380 590 1418 τοῦ
610 1374 799 1446 Ἴβηρος
812 1381 906 1443 τοῖς
937 1373 1153 1430 ῥεύμασιν
1179 1374 1388 1429 ἐμπίπτει.

166 1431 367 1501 βάλλεται
398 1432 445 1476 δε
473 1432 594 1504 παρά
621 1448 742 1484 τινος
775 1432 929 1502 ὁρμων
958 1431 1005 1474 ἐν
1036 1431 1250 1488 ἀκοντίῳ·

166 1488 301 1559 πλήν
310 1489 385 1533 καὶ
414 1490 595 1546 πνιγεὶς
612 1487 714 1532 οὐδε
743 1488 899 1543 νεκρὸς
927 1493 1020 1539 τοῖς
1039 1475 1238 1558 Ἴβηρσιν
1268 1485 1447 1545 εὑρέθη.
1589 1496 1650 1536 20

169 1544 194 1588 ὃ
223 1544 364 1613 τούτῳ
394 1545 539 1596 πόθος
567 1548 645 1601 ἡν·
663 1544 875 1615 σύρεται
884 1544 967 1599 γὰρ
997 1550 1092 1595 τοῖς
1129 1543 1340 1598 ῥείθροις.

168 1600 333 1646 τούτου
362 1606 442 1645 τοῦ
471 1601 617 1673 ἥρωος
649 1598 810 1657 ἀνδρὸς
840 1599 904 1644 ὠν
933 1600 1066 1673 γόνος
1096 1599 1120 1644 6
1148 1598 1353 1672 ’Λννίβας

173 1656 260 1701 ὑπὸ
289 1661 474 1729 γαμβρῷ
504 1658 722 1711 ἐτάττετο,
763 1658 846 1701 συν
876 1675 910 1716 ῳ
941 1674 1022 1728 την
1045 1655 1242 1727 Ἰβηρίαν

170 1719 318 1758 πᾶσαν
342 1713 604 1787 ,ἐλεηλάτησε
630 1713 798 1784 ποινὴν
820 1702 1047 1787 πατρῴου
1047 1712 1221 1781 φόνου.

173 1789 234 1822 ως
264 1771 306 1816 δ’
337 1771 384 1815 έν
411 1776 504 1822 τοῖς
529 1770 689 1842 μεταξύ
718 1769 893 1827 χρόνοις
924 1772 969 1814 οἱ
994 1767 1190 1821 Αὔσονες
1214 1768 1424 1827 Ῥωμαῖοι
1595 1775 1654 1822 25

172 1827 279 1879 τούς
307 1826 527 1878 Σικελοὺς
558 1827 766 1897 ἐνίκησαν
794 1826 1006 1878 πολλάκις
1033 1826 1312 1899 νικηθέντες,

171 1884 386 1956 κέλευσμά
414 1901 459 1929 τε
487 1882 740 1957 βαρύτατον
768 1883 1001 1928 ἐκέλευσαν
1029 1883 1213 1935 ἐκείνοις

173 1959 233 1994 ως
261 1943 369 1998 μηὸε
398 1942 526 2011 ξίφος
558 1939 636 1984 ἀπ’
670 1938 818 1984 αὐτῶν
847 1939 953 1984 ποτέ
979 1957 1078 1984 τινα
1106 1938 1317 2013 κατέχειν,

169 1997 393 2054 Ἀννίβας,
424 1997 596 2068 χρόνων
630 1999 768 2041 ε’ίκοσι
798 1998 1034 2053 γενόμενος
1063 1997 1137 2040 καὶ
1167 1997 1318 2050 πέντε,

174 2056 302 2125 χωρὶς
332 2053 577 2125 συγκλήτου
606 2058 682 2110 τῆς
712 2057 875 2109 βουλῆς
904 2054 979 2097 καὶ
1007 2069 1099 2097 των
1123 2051 1431 2109 ὑπερεχόντων
1598 2064 1660 2106 230

175 2112 282 2163 τούς
311 2111 609 2181 θερμοτέρους
641 2111 874 2167 συλλαβων
903 2111 976 2154 καὶ
1005 2109 1110 2161 τούς
1140 2110 1252 2162 ὀξεῖς
1282 2116 1370 2155 τῶν
1400 2111 1515 2158 νέων

177 2168 237 2220 ὥς
265 2168 422 2212 ἑκατὸν
450 2169 525 2211 καὶ
553 2169 784 2221 πλείονας,
804 2166 1042 2238 λῃστεύων
1062 2165 1270 2238 Ἰβηρίαν

178 2226 272 2281 ἔζη,
301 2226 375 2269 καὶ
404 2224 761 2280 προςεπηύξανεν
791 2222 858 2267 ἀεὶ
887 2223 1077 2293 στρατὸν
1104 2228 1195 2266 τῶν
1222 2222 1348 2269 νέων.

178 2282 240 2333 ὣς
269 2280 310 2326 δ’
342 2280 370 2337 ἡ
400 2281 598 2354 πληθύς
605 2281 727 2324 ἐνίκα
757 2281 837 2341 μὲν
867 2278 1161 2330 ἑκατοντάδας
1185 2279 1295 2337 ἤδη,

181 2341 241 2389 εἰς
269 2338 465 2408 χιλιάδας
501 2337 545 2382 δ’
575 2337 766 2394 ἔτρεχεν,
797 2342 890 2381 είτα
917 2337 992 2381 καὶ
1021 2336 1241 2406 μυριάδας
1608 2340 1667 2382 85

181 2396 254 2440 καὶ
285 2394 417 2450 μέγας
445 2395 597 2450 γέγονε
627 2395 812 2447 στρατὸς
840 2394 913 2438 καὶ
943 2397 1032 2438 τῶν
1061 2393 1332 2449 ἀξιομάχων,

184 2451 291 2496 ἄνευ
320 2454 486 2507 μισθοῦ
515 2451 590 2495 καὶ
619 2453 799 2504 δωρεῶν
829 2449 943 2494 οὕτω
974 2451 1378 2506 συνηθροισμένος,

185 2507 298 2552 εὐθὺ
328 2511 461 2550 τοῦτο
492 2507 739 2577 κατάδηλον
768 2507 934 2563 ἐγένετο
959 2507 1202 2562 Ῥωμαίοις.

186 2566 261 2609 καὶ
291 2563 603 2618 συνταχθέντες
634 2563 878 2619 σύμπαντες
902 2567 1080 2620 στρατῷ
1109 2567 1222 2619 πεζῷ
1252 2563 1327 2606 καὶ
1356 2562 1519 2624 στόλῳ,

187 2621 293 2665 ἑπτά
324 2621 398 2664 καὶ
428 2619 731 2676 εβδομήκοντα
760 2620 958 2690 πληθύος
987 2619 1199 2675 μυριάδες
1615 2624 1672 2666 40

187 2681 343 2728 πίτυος
372 2679 497 2732 δίκην
526 2677 740 2720 ἔσπευδον
768 2678 872 2727 τοὺς
901 2676 1113 2727 Σικελούς
1141 2676 1356 2729 ἐκτρῖψαι.

191 2736 234 2779 οἱ
264 2733 443 2777 Σικελοὶ
472 2732 515 2776 δ’
547 2733 743 2777 ἷκέτευον
763 2733 1022 2777 παύσασθαι
1050 2750 1128 2776 τον
1153 2731 1359 2787 Ἀννίβαν

193 2790 249 2860 μὴ
277 2794 499 2840 παντελῶς
527 2788 581 2833 τά
612 2794 812 2833 Σικελῶν
842 2789 984 2861 ἄρδην
1013 2787 1309 2860 άποφθαρείη.

195 2846 218 2892 ὁ
252 2848 298 2892 δὲ
326 2847 476 2902 παρεὶς
504 2845 607 2898 τούς
639 2847 853 2900 θέλοντας
883 2848 956 2891 καὶ
985 2846 1125 2902 λέγειν
1154 2847 1228 2890 καὶ
1256 2843 1486 2902 λαβράζειν
