1968 3346
280 184 581 231 EXCERPTA
608 182 898 230 VATICANA
926 183 976 228 1.
999 183 1154 229 XXXI.
1182 184 1358 230 xxxn.
1458 189 1516 232 97

125 303 365 369 δραχμῶν,
394 296 655 368 ἀγανακτων
682 295 873 359 Μαρκος
904 296 1102 369 Πόρκιος
1129 297 1290 343 Koa-mv
1316 300 1407 341 τῶν
1436 297 1511 342 εύ-

125 356 461 412 δοκιμουμένων
491 353 670 409 ἀνδρων
698 352 820 398 εἶπεν
848 355 897 397 ἐν
924 359 984 414 τῷ
1015 355 1138 413 δήμῳ
1178 355 1292 400 διότι
1320 354 1509 411 μάλιστα

125 413 341 457 δύνανται
386 412 582 455 κατιδεῖν
626 409 675 454 ἐκ
723 409 889 455 τούτου
928 400 1011 466 τὴν
1050 400 1122 455 ἐπί
1159 412 1210 456 τὸ
1247 416 1395 481 χεῖρον
1429 416 1508 467 τῆς

126 470 297 526 ἀγωγῆς
341 469 415 512 καὶ
466 468 684 519 πολιτείας
729 468 1027 538 διαστροφήν,
1076 469 1184 511 ὅταν
1229 467 1510 537 πωλούμενοι

124 529 328 576 πλείονος
365 523 654 578 εὑρίσκωνται
691 525 736 568 οἱ
762 523 812 580 μὲ
816 541 842 567 ν
878 523 1093 579 ἐρώμενοι
1119 528 1210 569 τῶν
1238 522 1412 581 αγρῶν,
1453 523 1507 569 τοὶ
1538 535 1565 577 5

125 583 172 627 δὲ
200 581 386 638 κεράμια
414 584 495 624 τοῦ
527 582 709 637 ταρίχου
735 576 825 625 τῶν
855 584 1141 638 ζευγηλατων.

223 665 327 710 ’Ὀτι
353 668 435 709 τοῦ
455 666 714 737 Δημητρίου
742 663 943 736 πρέσβεις
969 664 1308 716 ἀποστείλαντος
1337 665 1397 717 εἰς
1410 663 1512 710 ‘-Pco

122 722 293 793 μαίους
315 720 548 776 ἀπόκρισιν
588 722 752 765 ἔδωκεν
783 721 900 778 αὐτῷ
931 721 1090 765 σκαιάν
1123 722 1198 765 καὶ
1227 720 1511 795 δυςάρεστον,

124 796 192 823 οτι
220 777 412 831 τεύξεται
441 783 530 822 τῶν
559 767 890 849 φιλανθρώπων
917 778 1193 850 Δημήτριος,
1231 778 1309 822 ἐαν
1338 779 1387 822 τό
1421 776 1512 823 ίκα-

121 835 205 880 νόν
232 840 339 894 ποιῇ
368 839 423 893 τῇ
453 833 680 894 συγκλήτῳ
709 834 820 880 κατὰ
848 835 928 892 τήν
956 840 1035 892 τῆς
1065 835 1199 892 αρχῆς
1228 835 1442 888 ἐξουσίαν.
1513 848 1567 889 10

225 920 325 964 Ὀτι
363 921 406 964 οἱ
439 917 604 963 Ῥόδιοι
643 919 815 991 ἔχοντες
853 919 1082 976 ἀγχίνοιαν
1119 919 1193 963 καὶ
1228 920 1511 974 προστασίαν,

67 976 197 1025 86καὶ
234 993 373 1033 ταυτῃ
413 976 652 1045 χρώμενοι)
706 976 926 1020 διετέλουν
954 979 1197 1030 καθαπερεί
1233 993 1357 1028 τινας
1387 976 1512 1019 ἑκου-

0 2729 28 2753 110⁴

0 2768 28 2799 δι-

0 2808 30 2847 ffl

59 2810 64 2914 l

60 2918 67 3114 ἱ

64 3137 70 3346 ἱ

125 1036 250 1085 σίους
291 1034 464 1103 ‹pdpqvg
499 1036 773 1088 λαμβανοντε
778 1051 799 1084 ς
836 1033 956 1088 παρα
992 1039 1082 1077 τῶν
1114 1033 1341 1089 βασιλέων.
1375 1032 1512 1076 ἔπιδε

124 1092 230 1142 ξίοις
270 1091 352 1145 γὰρ
363 1089 636 1160 ατοπήμασι
675 1091 749 1133 καὶ
779 1093 1031 1159 ψηφίσμασι
1071 1094 1280 1145 τιμῶντες
1318 1106 1424 1140 τους
1462 1089 1511 1132 ἐν

120 1144 375 1198 ἐξουσίαις’
359 1144 511 1198 ὄντας,
543 1147 617 1190 καὶ
637 1151 771 1191 τοῦτο
801 1146 1065 1202 πράττοντες
1078 1148 1283 1217 βεβαίως
1304 1146 1379 1189 καὶ
1401 1141 1567 1202 μετα15

123 1207 288 1259 πολλῆς
337 1206 571 1256 προνοίας,
630 1206 985 1256 πολλαπλασίους
1033 1203 1214 1260 χάριτας
1259 1205 1512 1272 κομίζονται

121 1260 196 1303 καὶ
226 1262 389 1314 δωρεὰς
419 1259 697 1316 λαμβάνουσι
726 1259 846 1315 παρὰ
875 1265 964 1304 τῶν
993 1262 1222 1316 βασιλέων.
1267 1275 1391 1314 παρα
1421 1259 1509 1315 γάρ

122 1319 380 1372 Δημητρίου
421 1317 580 1372 ἔλαβον
612 1322 767 1371 πυρῶν
807 1318 979 1370 δωρεὰν
1015 1320 1153 1360 εἴκοσι
1189 1315 1410 1373 μυριάδας
1439 1332 1512 1371 με·

124 1375 313 1428 δι’μνων,
340 1378 500 1428 κριθῆς
518 1373 564 1416 δὲ
587 1373 712 1425 δέκα,
746 1374 820 1417 καὶ
848 1372 1045 1430 Εὐμένης
1063 1389 1257 1429 προςοφε
1240 1375 1367 1416 είλων
1396 1378 1512 1427 τρεῖς

121 1429 338 1485 μυριάδας
365 1429 699 1487 ἐτετελευτήκει·
740 1431 1020 1499 ἐπηγγείλατο
1053 1431 1098 1475 δὲ
1126 1431 1203 1475 καὶ
1239 1428 1290 1474 τὸ
1319 1428 1568 1485 θέατρονξζο

259 1540 359 1578 97.1
343 1542 373 1578 1.
409 1537 637 1587 ἀγανακτῶν]
668 1542 751 1577 Cod.
779 1539 959 1599 α’ναγκων.
996 1541 1092 1579 ΜΑΪ.

260 1590 316 1624 97.
342 1591 375 1624 6.
413 1589 655 1634 ζευγηλατῶν]
678 1588 914 1635 ζευγηματων
935 1592 988 1625 ed.
1001 1594 1119 1625 Rom..
1112 1603 1120 1611 ·
1146 1597 1345 1625 correctum
1370 1602 1411 1623 ex
1422 1587 1512 1624 Dio·-

172 1634 259 1668 doro
285 1649 321 1680 p.
342 1634 419 1670 114.
448 1639 502 1670 ed.
529 1639 558 1670 1‘
563 1650 628 1670 orn.
658 1645 693 1668 et
713 1639 793 1682 Pol)
792 1639 860 1671 bio
887 1641 969 1672 Exc.
988 1640 1068 1673 Vat·
1091 1650 1126 1683 p.
1149 1633 1254 1680 439.,
1287 1637 1379 1682 apud
1407 1647 1513 1683 quem

169 1682 274 1716 etiarn
300 1683 410 1716 multo
439 1695 493 1714 me
477 1684 561 1716 elius
586 1684 714 1716 πλεῖον
737 1671 963 1727 εὑρίσκωσιν.

259 1725 315 1761 97
343 1726 377 1763 7.
414 1725 481 1773 εἰς]
507 1730 632 1775 incipit
657 1730 789 1764 codicis
814 1744 850 1777 p.
875 1731 952 1765 169.

258 1840 315 1876 97.
340 1840 375 1877 6,
410 1841 528 1875 Grave
550 1839 620 1875 hoc
643 1840 789 1876 Catonis
813 1841 856 1876 de
878 1848 1045 1877 romanae
1076 1836 1270 1875 iuventutis
1293 1837 1432 1876 luxuria
1455 1837 1509 1875 di·-

120 1888 214 1920 ctum
238 1888 384 1930 sumpsit
406 1888 579 1921 Diodorus
602 1899 624 1921 a
646 1886 819 1932 Polybio,
851 1894 889 1923 ut
925 1901 965 1922 ex
997 1887 1103 1921 huius
1132 1886 1304 1922 vaticanis
1337 1884 1510 1931 excerptis

120 1932 214 1966 infra
247 1933 414 1975 ponendis
446 1933 666 1977 perspicuum
698 1935 779 1977 fiet,
809 1944 872 1968 nec
897 1946 963 1968 non
993 1944 1034 1966 cx
1058 1933 1159 1967 editis
1184 1934 1338 1967 eiusdem
1362 1934 1508 1978 Polybii

119 1979 182 2012 lib.
209 1979 340 2013 XXXI.
366 1979 422 2013 24.
471 1979 540 2012 Sed
565 1979 688 2014 mirari
711 1981 814 2022 licet,
812 1982 927 2035 quod
951 1981 1045 2014 idem
1069 1979 1199 2013 dictum
1221 1981 1329 2023 paulo
1352 1985 1429 2023 post
1451 1992 1508 2013 re-

120 2021 231 2058 currit
253 2025 344 2069 npud
368 2025 482 2069 ipsum
505 2025 697 2060 Diodorum
720 2024 841 2070 paucis
871 2025 1028 2060 variatis·
1075 2026 1249 2060 Nimirum
1274 2030 1352 2069 post
1374 2026 1509 2060 delatas

120 2071 274 2104 Romam
297 2071 537 2105 macedonicas
561 2082 664 2115 opes,
687 2072 858 2107 luxuriari
883 2072 1019 2106 Romae
1043 2075 1206 2116 coeptum
1234 2077 1305 2114 est3
1329 2073 1386 2106 cui
1409 2069 1506 2107 malo

121 2127 228 2160 oppos
213 2117 280 2151 sita
303 2128 384 2151 mox
413 2118 483 2150 suit
507 2118 563 2151 lex
587 2119 707 2152 fannia
729 2119 957 2163 sumptuaria.
991 2118 1089 2152 MAI.

258 2163 315 2199 97.
339 2163 373 2198 8.
410 2162 557 2208 ἔδωκεν]
585 2161 750 2200 Ἔδωκεν
771 2174 839 2200 non
864 2164 1029 2209 ἔδωκαν,
1063 2164 1146 2208 quia
1169 2163 1383 2209 intelligitur
1405 2174 1507 2199 sena-

117 2211 194 2252 tus,
217 2209 278 2252 qui
302 2219 383 2243 mox
405 2208 611 2253 appellatur.
645 2210 744 2245 MAI.

257 2255 315 2288 97.
343 2256 398 2290 10.
431 2256 630 2290 Demetrius
651 2268 752 2312 syrus
776 2257 836 2301 qui
851 2258 987 2291 Romae
1010 2256 1111 2290 obses
1128 2257 1214 2298 erat,
1240 2259 1385 2289 auctore
1402 2262 1506 2299 prae-

119 2300 239 2334 sertim
263 2301 414 2354 Polybio
438 2303 606 2335 Romanis
628 2303 745 2338 insciis
768 2303 805 2337 in
828 2304 970 2348 Syriam
993 2302 1172 2346 profugit,
1206 2313 1425 2347 regnumque
1449 2314 1505 2335 re-

121 2346 310 2390 cuperavit.
358 2348 482 2392 l’.olyb
510 2348 644 2383 XXXI.
679 2350 734 2384 19.
757 2362 832 2393 sqq.
876 2351 986 2383 Docet
1018 2352 1136 2381 autem
1168 2359 1229 2382 nos
1259 2349 1505 2392 percommode

121 2393 276 2426 Zonaras
293 2393 355 2426 lx.
379 2392 434 2426 25
482 2394 721 2437 Demetrium,
753 2402 794 2430 ut
817 2396 978 2429 deliniret
1001 2395 1201 2435 Romanos,
1239 2404 1262 2427 a
1285 2395 1410 2437 quibus
1432 2393 1502 2428 sibi

121 2439 289 2478 timebat,
322 2439 459 2472 misisse
489 2446 610 2482 postea
641 2421 796 2475 orat’ores
819 2453 839 2475 e
863 2441 969 2486 Syria
993 2441 1146 2474 Romam
1176 2450 1258 2473 cum
1288 2440 1503 2482 muneribus,

120 2489 156 2518 et
177 2496 259 2518 cum
276 2484 415 2518 Octavii
438 2486 576 2518 romani
598 2488 855 2529 percussoribus
878 2499 963 2531 quos
987 2487 1032 2520 ad
1055 2496 1211 2540 poenam·
1219 2486 1395 2520 tradebat·
1419 2487 1502 2519 sub

120 2531 171 2564 (lit
194 2536 310 2564 autem
327 2531 485 2564 zonaras
501 2532 679 2566 Romanos
700 2533 807 2567 iratos
823 2540 982 2566 neutram
1006 2543 1080 2566 rem
1098 2532 1278 2575 recepisse.
1328 2532 1427 2565 Haec
1450 2534 1503 2566 est

118 2576 231 2621 igitur
260 2576 338 2620 ipsa
363 2577 494 2621 legatio
525 2578 568 2611 de
599 2589 669 2620 qna
698 2590 791 2612 nunc
821 2579 977 2622 loquitur
997 2578 1194 2620 Diodorus,
1224 2577 1343 2612 addito
1367 2579 1503 2612 Roma-

118 2633 242 2656 norum
266 2623 392 2657 acerbo
413 2634 589 2665 responso.
619 2623 716 2658 MAI.

211 2668 267 2702 97.
291 2669 347 2702 11.
380 2669 600 2703 Rhodiorum
634 2670 864 2714 προστασίαν
893 2670 1016 2704 laudat
1038 2666 1244 2703 nominatim
1266 2666 1436 2713 Polybius
1459 2668 1501 2703 V

120 2713 186 2756 9⁰,
210 2715 270 2758 qui
294 2716 390 2748 locus
412 2725 490 2748 cum
515 2716 799 2758 praecedentibus
821 2717 987 2761 legendus
1009 2727 1044 2749 es
1046 2720 1069 2750 t.
1102 2715 1200 2749 MAI.

211 2761 267 2796 97.
295 2761 350 2795 18.
385 2761 617 2806 Δημητρίου]
643 2763 802 2806 intellige
824 2762 950 2805 Syriae
972 2773 1112 2807 regem,
1139 2762 1182 2793 de
1205 2770 1273 2803 qno
1293 2760 1398 2802 paulo
1422 2763 1503 2794 ante

119 2803 304 2843 Diodorus.
336 2807 434 2844 MAJ.
477 2808 650 2844 Diodorus
673 2814 825 2845 sectatur
847 2808 1038 2854 Polybium
1059 2808 1098 2843 V.
1124 2806 1182 2841 88.
1216 2806 1341 2841 IDEM
1363 2805 1501 2846 inAdd.

1197 2855 1226 2894 7
