1968 3346
339 190 639 235 EXCERPTA
667 188 957 234 VATICANA
985 189 1034 232 L.
1059 188 1424 234 xxm—xxx.
1521 195 1575 236 71

352 300 402 346 τὸ
434 300 573 347 κακὸν
603 300 781 358 ἀγαθοῦ
810 303 1035 358 παρείχετο
1067 304 1328 360 φαντασίαν.

125 379 171 416 63
284 371 391 416 Ὀτι
433 375 523 414 τῶν
564 372 895 440 Καρχηδονίων
930 371 1336 442 προημαρτηκότων
1382 370 1443 423 εἷς
1474 371 1573 416 Ῥω-

182 429 366 485 μαίους,
405 426 492 470 ὑπὸ
532 432 745 482 χειμῶνος
786 427 832 470 δὲ
870 424 1150 498 ἀναχθέντων
1186 429 1290 498 nov}
1318 427 1433 499 πρός
1463 433 1570 500 Σκι-

181 488 326 529 πίωνα
362 485 436 529 καὶ
473 483 651 527 πάντων
681 483 893 540 βοώντων
924 482 1180 540 ἀμύνασθαι
1207 484 1312 536 τοὺς
1345 484 1513 541 ἀσεβεῖς
1541 483 1566 530 6

181 544 384 589 Σκιπίων
424 540 508 586 οὐκ
548 541 634 599 ἔφη
674 543 768 587 δεῖν
807 541 1014 597 πράττειν
1054 561 1082 587 α
1125 547 1217 597 τοῖς
1245 544 1566 600 Καρχηδονίοις
1594 548 1624 592 5

178 600 453 656 ἐγκαλοῦσιν.

288 680 361 721 VI.
397 677 501 723 Ὀτι
528 695 582 721 τα
617 678 697 734 μὲν
724 676 837 721 καλα
871 683 1016 722 πεῖσαι
1045 678 1224 722 πάντων
1262 675 1387 734 οἶμαι
1423 679 1568 734 δυςχε-

178 734 389 790 ρέστατόν
411 736 549 787 ἐστιν,
583 735 606 779 6
638 736 684 778 δὲ
714 735 827 789 πρὸς
856 734 996 804 χάριν
998 735 1142 807 λόγος
1172 735 1315 806 6fw6e3
1343 739 1565 805 παραστῆ-

175 805 250 835 σαι
292 795 540 847 φαντασίαν
580 792 904 850 συμφέροντος,
948 791 1033 837 κᾶν
1071 790 1140 837 ἐπ’
1181 790 1354 851 ὀλέθρῳ
1389 792 1564 849 λέγηται

172 853 262 893 τῶν
290 849 639 907 βουλευομένων.
1567 859 1621 900 10

288 916 384 962 ἀλλ’
416 918 471 962 οὐ
503 918 643 962 καλόν
671 922 764 968 τοῖς
785 917 864 973 μὲν
893 917 1045 969 ὅπλοις
1074 917 1270 970 ἅπαντας
1290 920 1444 970 νικᾶν,
1474 915 1562 962 υπό

174 975 220 1019 δὲ
260 979 336 1032 τῆς
371 975 483 1030 πρὸς
512 974 813 1031 ἀκληροῦντας
832 974 979 1046 ,ὀργῆς
1015 975 1258 1031 ηττᾶσθαι,
1299 975 1374 1019 καὶ
1404 977 1564 1029 πικρό-

172 1049 280 1075 τατα
298 1037 535 1102 μισοῦντας
554 1034 656 1083 τοὺς
685 1032 796 1086 ὑπὲρ
827 1031 1068 1086 ἄνθρωπον
1097 1036 1382 1102 φρονοῦντας
1405 1032 1452 1075 έν
1468 1036 1564 1083 ταῖς

172 1088 390 1144 ευτυχίαις
409 1088 571 1140 αὐτοὺς
588 1093 727 1132 ταῦτα
749 1088 955 1143 πράττειν
985 1108 1012 1132 α
1043 1095 1134 1140 τοῖς
1158 1088 1308 1140 α’λλοις
1326 1088 1561 1144 ἐγκαλοῦν-

170 1162 240 1197 τες
268 1145 551 1201 τυγχάνουσι.
600 1145 696 1190 τότε
732 1147 816 1201 γὰρ
851 1144 1020 1216 ἀληθης
1047 1145 1216 1218 κλῇρός
1251 1147 1367 1191 ἐστιν
1394 1146 1422 1202 ἡ
1454 1145 1617 1198 δόξα15

170 1201 472 1258 εὐτυχηκότων
513 1203 621 1247 ὅταν
660 1202 683 1246 6
725 1220 903 1256 κρατων
941 1204 1023 1257 τὴν
1068 1203 1274 1260 εὐτυχίαν
1313 1203 1428 1259 φέρῃ
1459 1202 1560 1247 κατ’

172 1259 428 1314 ἄνθρωπον.
487 1260 796 1330 ἐπιφθέγγεται
840 1277 923 1315 γαρ
965 1260 1146 1312 ἕκαστος
1191 1261 1259 1304 ἐπὶ
1298 1265 1351 1322 τῇ
1389 1276 1562 1303 τουτων

170 1319 297 1374 μνεία
327 1317 441 1361 διότι
469 1321 545 1374 τῆς
573 1319 698 1373 νίκης
727 1316 1006 1386 ὑπάρχουσιν
1035 1316 1172 1370 α’ξιοι,
1211 1322 1304 1368 τοῖς
1327 1305 1386 1360 δε
1416 1317 1560 1361 ἐπιλα-

169 1377 379 1429 θομένοις
401 1378 476 1430 τῆς
498 1375 781 1445 ἀνθρωπίνης
803 1374 980 1429 φύσεως
1011 1372 1035 1418 6
1065 1373 1238 1444 φθόνος
1268 1373 1560 1444 ἀντικάθηται

169 1431 490 1502 λυμαινόμενος
529 1431 611 1487 τήν
653 1436 743 1474 τῶν
775 1430 1090 1504 εὐτυχούντων
1129 1431 1276 1483 δόξαν.
1328 1430 1433 1474 οὐδε
1469 1431 1615 1486 γάρ20

168 1488 258 1531 ἐστι
291 1488 400 1559 μέγα
429 1487 508 1531 τόν
527 1488 738 1540 ἑκουσίως
758 1488 1067 1535 ὑποπίπτοντα
1089 1488 1300 1545 φονεύειν
1317 1487 1424 1558 ,οὐδὲ
1446 1493 1558 1531 θαυ-

168 1546 334 1602 μαστὸν
355 1543 570 1602 ἀφανίσαι
598 1546 679 1590 τόν
708 1550 795 1590 τῶν
817 1544 1099 1604 ἠτυχηκότων
1125 1547 1240 1604 βίον.
1272 1543 1359 1590 οὐκ
1387 1543 1559 1602 ἀλόγως

305 1685 364 1718 71.
392 1684 446 1719 17.
476 1682 562 1740 γάρ]
584 1685 712 1738 incipit
739 1685 872 1719 codicis
897 1697 931 1728 p.
952 1684 1033 1721 331.

305 1731 444 1765 71.19.
476 1727 726 1777 ἀντικάθηται
758 1729 1044 1777 λυμαινόμενος]
1083 1726 1336 1776 ἀντικάθητος
1365 1732 1559 1776 λοιμαινο·

212 1788 324 1821 μενος
346 1777 401 1811 ed.
426 1780 527 1811 Rom.

305 1825 361 1859 71.
386 1824 444 1858 21
477 1822 586 1870 μέγα]
610 1821 703 1869 μετὰ
726 1824 860 1869 codex,
884 1824 983 1870 quod
1006 1825 1044 1860 in
1064 1820 1157 1870 μήτε
1176 1824 1328 1861 mutavit
1353 1823 1469 1874 editor
1486 1825 1561 1859 Ro—

211 1883 346 1906 manus·

165 2016 296 2045 κουσε·
330 2006 398 2054 τὴν
421 2009 565 2044 κοιλίαν
589 2007 753 2052 ἔφασκον
778 2006 846 2044 οὐκ
873 2007 966 2053 ἔχειν
990 2002 1080 2044 εἶτα.
1125 2007 1179 2042 Ex
1201 2007 1272 2042 hoc
1295 2006 1446 2051 aliisque
1466 2005 1558 2042 locis

163 2056 299 2099 liquido
313 2059 478 2098 apparet,
504 2067 572 2089 non
587 2067 695 2089 unum
720 2055 827 2089 fuisse
849 2059 1091 2099 excerptorum
1109 2058 1312 2095 auctorem,
1335 2055 1395 2089 sed
1418 2054 1557 2097 plures3

163 2113 313 2145 quorum
327 2102 453 2135 divers
444 2114 455 2135 ι
478 2103 614 2135 labores
630 2106 749 2145 postea
769 2101 911 2135 collecti
933 2104 1164 2147 παλιλλογεῖν
1183 2100 1359 2135 interdum
1378 2100 1447 2137 visi
1462 2103 1556 2143 sunt,

163 2152 203 2182 ut
225 2149 262 2182 in
284 2147 337 2192 ips
322 2159 360 2181 so
383 2148 436 2181 ius
439 2148 592 2182 tinianeo
614 2148 691 2182 iure
714 2148 853 2182 accidit.
889 2148 988 2184 MAI

254 2194 311 2230 71.
335 2194 366 2227 1
391 2194 451 2228 Sic
468 2195 649 2238 praeclare
666 2194 789 2228 Cicero
806 2196 848 2227 de
866 2195 936 2239 leg.
956 2195 984 2230 Ι.
1009 2193 1075 2230 17.
1099 2193 1270 2230 imitatrix
1286 2192 1368 2228 bom
1380 2193 1554 2237 voluptas,

163 2241 333 2275 malorum
356 2246 474 2275 antem
497 2246 609 2277 mater
631 2242 793 2274 omnium.
826 2241 924 2274 MAI

255 2286 313 2320 71.
339 2286 374 2321 6.
407 2287 549 2331 Legesis
572 2288 775 2330 frag-menta
798 2286 945 2321 Diodori
968 2286 1106 2330 editap
1110 2283 1228 2332 .572;
1260 2284 1453 2332 Polybium
1471 2283 1553 2320 XV.

162 2331 199 2367 2.
222 2331 264 2373 43
291 2332 487 2376 Appianum
510 2345 592 2377 pun.
610 2333 759 2369 XXXV.
794 2333 870 2368 Liv.
894 2332 1008 2372 XXX.
1033 2297 1106 2367 25?

255 2378 313 2412 71.
337 2379 392 2413 ll.
425 2380 525 2423 Quae
547 2380 583 2414 in
606 2380 663 2413 his
686 2380 857 2423 excerptis
878 2391 976 2423 capp.
997 2379 1094 2414 vl-
1106 2377 1163 2419 X,
1184 2376 1402 2411 continentur
1416 2378 1555 2410 senten-

163 2423 256 2465 tiae,
279 2436 337 2458 ens
355 2425 428 2458 sere
450 2437 570 2460 omnes
589 2425 761 2470 pertinere
782 2426 935 2461 arbitror
950 2430 1027 2460 tum
1041 2425 1086 2459 ad
1107 2424 1282 2458 orationes
1299 2434 1390 2467 quae
1408 2423 1454 2457 ab
1471 2433 1553 2456 ora-

162 2470 296 2504 toribus
318 2470 452 2514 punicis
474 2471 511 2505 in
532 2476 653 2506 senatu
675 2483 821 2507 romano
852 2477 887 2507 ct
915 2471 1008 2515 apud
1030 2470 1232 2515 Scipionem
1253 2470 1424 2505 maiorem
1447 2467 1553 2502 habi-

162 2520 219 2550 tae
242 2517 403 2558 fuci-unt,
428 2528 555 2561 pacem
577 2518 774 2562 petentibus
798 2530 868 2562 quo
891 2522 1047 2563 tempore
1064 2517 1246 2561 Carthago
1263 2519 1362 2551 arcta
1373 2514 1552 2548 obsidione

161 2563 411 2606 premebatur,
442 2567 518 2598 tum
548 2565 594 2598 ad
624 2564 742 2600 varias
771 2568 972 2599 senatorum
995 2562 1283 2603 consultationes,
1313 2572 1465 2604 quorum
1488 2559 1553 2597 alii

161 2608 438 2643 misericordiam
455 2609 517 2644 alii
533 2610 754 2645 severitatem
771 2611 973 2645 suadebant.
1006 2610 1104 2664 Lege
1126 2608 1268 2644 Livium
1284 2607 1398 2643 XXX.
1422 2607 1480 2643 2⁹.
1497 2617 1551 2649 sq-

160 2654 218 2689 36,
243 2654 311 2696 42,
335 2659 370 2689 et
392 2656 589 2699 Appianum
611 2668 693 2700 pun.
712 2657 842 2691 XXXI.
887 2657 936 2691 Et
957 2655 1098 2700 quidem
1118 2655 1186 2690 hae
1206 2652 1384 2708 politicae
1393 2652 1553 2692 ethicae-

161 2712 229 2743 que
260 2701 451 2782 senteffixxle
479 2714 560 2748 pars
591 2714 700 2748 prope
723 2703 880 2737 omnium
909 2701 1149 2748 pulcherrima
1178 2698 1447 2736 constantiniani
1469 2709 1554 2742 ope-

159 2746 208 2780 tls
230 2751 311 2782 sunt

251 2792 392 2828 71.12.
433 2794 551 2829 xerha
583 2797 662 2832 sunt
692 2793 846 2833 hominis
873 2791 1186 2846 carthaginiensis,
1226 2791 1286 2829 vel
1312 2793 1408 2828 cotto
1430 2799 1554 2829 eornm

160 2837 252 2881 parti
275 2838 436 2876 faventis.
471 2841 572 2878 MAI.
