<?xml version="1.0" encoding="UTF-8"?>
<!DOCTYPE html PUBLIC "-//W3C//DTD XHTML 1.0 Transitional//EN"
    "http://www.w3.org/TR/xhtml1/DTD/xhtml1-transitional.dtd">
<html xmlns="http://www.w3.org/1999/xhtml" xml:lang="en" lang="en">
 <head>
  <title>
</title>
<meta http-equiv="Content-Type" content="text/html;charset=utf-8" />
  <meta name='ocr-system' content='tesseract 3.04.00' />
  <meta name='ocr-capabilities' content='ocr_page ocr_carea ocr_par ocr_line ocrx_word'/>
</head>
<body>
  <div class='ocr_page' id='page_1' title='image "./p2bibliothecahisto02dioduoft_0031.png"; bbox 0 0 1968 3346; ppageno 0'>
   <div class='ocr_carea' id='block_1_1' title="bbox 357 230 1545 276">
    <p class='ocr_par' dir='ltr' id='par_1_1' title="bbox 357 230 1545 276">
     <span class='ocr_line' id='line_1_1' title="bbox 357 230 1545 276; baseline 0 0"><span class='ocrx_word' id='word_1_1' title='bbox 357 232 655 276; x_wconf 79' lang='lat' dir='ltr'><strong>EXCERPTA</strong></span> <span class='ocrx_word' id='word_1_2' title='bbox 684 230 1112 274; x_wconf 80' lang='lat' dir='ltr'><strong>HOESCHELIANA</strong></span> <span class='ocrx_word' id='word_1_3' title='bbox 1140 232 1189 272; x_wconf 88' lang='lat' dir='ltr'><em>L.</em></span> <span class='ocrx_word' id='word_1_4' title='bbox 1215 231 1329 274; x_wconf 86' lang='lat' dir='ltr'><strong>XXI.</strong></span> <span class='ocrx_word' id='word_1_5' title='bbox 1490 235 1545 276; x_wconf 79' lang='lat'><em>13</em></span> 
     </span>
    </p>
   </div>
   <div class='ocr_carea' id='block_1_2' title="bbox 88 338 1634 2506">
    <p class='ocr_par' dir='ltr' id='par_1_2' title="bbox 88 338 1634 2506">
     <span class='ocr_line' id='line_1_2' title="bbox 161 338 1545 416; baseline -0.002 -25"><span class='ocrx_word' id='word_1_6' title='bbox 161 347 408 416; x_wconf 79' lang='grc' dir='ltr'><em>συμβέβηκε</em></span> <span class='ocrx_word' id='word_1_7' title='bbox 444 342 685 413; x_wconf 75' lang='grc' dir='ltr'><strong><em>τετευχέναι</em></strong></span> <span class='ocrx_word' id='word_1_8' title='bbox 725 338 887 414; x_wconf 81' lang='grc' dir='ltr'><strong><em>ταύτης</em></strong></span> <span class='ocrx_word' id='word_1_9' title='bbox 923 344 1001 398; x_wconf 84' lang='grc' dir='ltr'><em>τῆς</em></span> <span class='ocrx_word' id='word_1_10' title='bbox 1035 344 1344 399; x_wconf 84' lang='grc' dir='ltr'><em>προςηγορίας.</em></span> <span class='ocrx_word' id='word_1_11' title='bbox 1374 341 1457 388; x_wconf 86' lang='grc' dir='ltr'><em>εἷλε</em></span> <span class='ocrx_word' id='word_1_12' title='bbox 1497 343 1545 388; x_wconf 77' lang='grc' dir='ltr'><em>δὲ</em></span> 
     </span>
     <span class='ocr_line' id='line_1_3' title="bbox 159 397 1627 458; baseline -0.001 -11"><span class='ocrx_word' id='word_1_13' title='bbox 159 404 233 448; x_wconf 86' lang='grc' dir='ltr'><em>καὶ</em></span> <span class='ocrx_word' id='word_1_14' title='bbox 260 402 424 458; x_wconf 90' lang='grc' dir='ltr'><em>ταύτην</em></span> <span class='ocrx_word' id='word_1_15' title='bbox 451 399 561 444; x_wconf 78' lang='grc' dir='ltr'><em>κατά</em></span> <span class='ocrx_word' id='word_1_16' title='bbox 583 397 763 454; x_wconf 86' lang='grc' dir='ltr'><em>κράτος·</em></span> <span class='ocrx_word' id='word_1_17' title='bbox 793 401 867 442; x_wconf 84' lang='grc' dir='ltr'><em>καὶ</em></span> <span class='ocrx_word' id='word_1_18' title='bbox 893 403 985 442; x_wconf 79' lang='grc' dir='ltr'><em>τῶν</em></span> <span class='ocrx_word' id='word_1_19' title='bbox 1015 398 1204 454; x_wconf 79' lang='grc' dir='ltr'><em>Ἐρκτών</em></span> <span class='ocrx_word' id='word_1_20' title='bbox 1232 401 1459 456; x_wconf 78' lang='grc' dir='ltr'><em>κατασχών</em></span> <span class='ocrx_word' id='word_1_21' title='bbox 1487 401 1538 445; x_wconf 84' lang='grc' dir='ltr'><em>τὸ</em></span> <span class='ocrx_word' id='word_1_22' title='bbox 1571 405 1627 448; x_wconf 85' lang='grc'><em>55</em></span> 
     </span>
     <span class='ocr_line' id='line_1_4' title="bbox 157 454 1540 533; baseline -0.001 -30"><span class='ocrx_word' id='word_1_23' title='bbox 157 459 366 533; x_wconf 80' lang='grc' dir='ltr'><em>ὀχύρωμα</em></span> <span class='ocrx_word' id='word_1_24' title='bbox 401 456 541 513; x_wconf 90' lang='grc' dir='ltr'><em>πάσης</em></span> <span class='ocrx_word' id='word_1_25' title='bbox 578 460 654 511; x_wconf 82' lang='grc' dir='ltr'><em>τῆς</em></span> <span class='ocrx_word' id='word_1_26' title='bbox 686 454 980 524; x_wconf 79' lang='grc' dir='ltr'><em>Καρχηδόνος</em></span> <span class='ocrx_word' id='word_1_27' title='bbox 1019 455 1280 512; x_wconf 76' lang='grc' dir='ltr'><strong><em>ἐπεκράτησε</em></strong></span> <span class='ocrx_word' id='word_1_28' title='bbox 1314 457 1540 528; x_wconf 89' lang='grc' dir='ltr'><em>δυνάμεως</em></span> 
     </span>
     <span class='ocr_line' id='line_1_5' title="bbox 158 510 1539 572; baseline -0.003 -11"><span class='ocrx_word' id='word_1_29' title='bbox 158 516 232 561; x_wconf 87' lang='grc' dir='ltr'><em>καὶ</em></span> <span class='ocrx_word' id='word_1_30' title='bbox 271 516 425 570; x_wconf 86' lang='grc' dir='ltr'><em>κύριος</em></span> <span class='ocrx_word' id='word_1_31' title='bbox 461 514 627 569; x_wconf 77' lang='grc' dir='ltr'><em>ἐγένετο</em></span> <span class='ocrx_word' id='word_1_32' title='bbox 667 510 781 567; x_wconf 78' lang='grc' dir='ltr'><em>πλην</em></span> <span class='ocrx_word' id='word_1_33' title='bbox 818 516 901 555; x_wconf 82' lang='grc' dir='ltr'><em>τοῦ</em></span> <span class='ocrx_word' id='word_1_34' title='bbox 946 515 1204 568; x_wconf 91' lang='grc' dir='ltr'><em>Λιλυβαίου·</em></span> <span class='ocrx_word' id='word_1_35' title='bbox 1244 513 1353 569; x_wconf 88' lang='grc' dir='ltr'><em>αύτη</em></span> <span class='ocrx_word' id='word_1_36' title='bbox 1396 514 1481 570; x_wconf 84' lang='grc' dir='ltr'><em>γάρ</em></span> <span class='ocrx_word' id='word_1_37' title='bbox 1509 513 1539 572; x_wconf 81' lang='grc' dir='ltr'><strong><em>ἡ</em></strong></span> 
     </span>
     <span class='ocr_line' id='line_1_6' title="bbox 158 568 1540 638; baseline -0.003 -21"><span class='ocrx_word' id='word_1_38' title='bbox 158 572 286 624; x_wconf 83' lang='grc' dir='ltr'><strong><em>πόλις</em></strong></span> <span class='ocrx_word' id='word_1_39' title='bbox 313 571 399 616; x_wconf 82' lang='grc' dir='ltr'><em>ὑπό</em></span> <span class='ocrx_word' id='word_1_40' title='bbox 439 570 770 638; x_wconf 80' lang='grc' dir='ltr'><em>Καρχηδονίων</em></span> <span class='ocrx_word' id='word_1_41' title='bbox 795 568 973 638; x_wconf 86' lang='grc' dir='ltr'><em>εκτίσθη</em></span> <span class='ocrx_word' id='word_1_42' title='bbox 1011 569 1118 625; x_wconf 79' lang='grc' dir='ltr'><em>μετὰ</em></span> <span class='ocrx_word' id='word_1_43' title='bbox 1153 570 1233 626; x_wconf 86' lang='grc' dir='ltr'><em>τὴν</em></span> <span class='ocrx_word' id='word_1_44' title='bbox 1271 570 1435 614; x_wconf 78' lang='grc' dir='ltr'><em>ἅλωσιν</em></span> <span class='ocrx_word' id='word_1_45' title='bbox 1463 575 1540 627; x_wconf 86' lang='grc' dir='ltr'><em>τῆς</em></span> 
     </span>
     <span class='ocr_line' id='line_1_7' title="bbox 157 623 1625 699; baseline -0.001 -25"><span class='ocrx_word' id='word_1_46' title='bbox 157 629 473 699; x_wconf 79' lang='grc' dir='ltr'><em>Καρχηδονίων</em></span> <span class='ocrx_word' id='word_1_47' title='bbox 510 624 694 694; x_wconf 72' lang='grc' dir='ltr'><em>ΝΙοτύης</em></span> <span class='ocrx_word' id='word_1_48' title='bbox 741 623 829 670; x_wconf 82' lang='grc' dir='ltr'><em>υπό</em></span> <span class='ocrx_word' id='word_1_49' title='bbox 871 628 1117 669; x_wconf 84' lang='grc' dir='ltr'><em>Διονυσίου</em></span> <span class='ocrx_word' id='word_1_50' title='bbox 1160 630 1243 670; x_wconf 85' lang='grc' dir='ltr'><em>τοῦ</em></span> <span class='ocrx_word' id='word_1_51' title='bbox 1288 626 1537 681; x_wconf 85' lang='grc' dir='ltr'><em>τυράννου.</em></span> <span class='ocrx_word' id='word_1_52' title='bbox 1568 633 1625 673; x_wconf 90' lang='grc'><em>60</em></span> 
     </span>
     <span class='ocr_line' id='line_1_8' title="bbox 157 681 1544 752; baseline -0.003 -21"><span class='ocrx_word' id='word_1_53' title='bbox 157 687 261 738; x_wconf 83' lang='grc' dir='ltr'><em>τούς</em></span> <span class='ocrx_word' id='word_1_54' title='bbox 288 687 371 741; x_wconf 84' lang='grc' dir='ltr'><em>γὰρ</em></span> <span class='ocrx_word' id='word_1_55' title='bbox 402 684 448 727; x_wconf 80' lang='grc' dir='ltr'><em>ἐκ</em></span> <span class='ocrx_word' id='word_1_56' title='bbox 476 682 636 752; x_wconf 81' lang='grc' dir='ltr'><em>ταύτης</em></span> <span class='ocrx_word' id='word_1_57' title='bbox 663 681 1014 737; x_wconf 82' lang='grc' dir='ltr'><em>υπολειφθέντας</em></span> <span class='ocrx_word' id='word_1_58' title='bbox 1043 681 1332 737; x_wconf 71' lang='grc' dir='ltr'><em>ἀθροίσαντες</em></span> <span class='ocrx_word' id='word_1_59' title='bbox 1359 684 1544 742; x_wconf 72' lang='grc' dir='ltr'><em>κατῴκι-</em></span> 
     </span>
     <span class='ocr_line' id='line_1_9' title="bbox 158 738 1543 796; baseline -0.002 -9"><span class='ocrx_word' id='word_1_60' title='bbox 158 755 243 787; x_wconf 89' lang='grc' dir='ltr'><em>σαν</em></span> <span class='ocrx_word' id='word_1_61' title='bbox 271 744 332 792; x_wconf 86' lang='grc' dir='ltr'><em>εἰς</em></span> <span class='ocrx_word' id='word_1_62' title='bbox 360 739 408 784; x_wconf 78' lang='grc' dir='ltr'><em>τὸ</em></span> <span class='ocrx_word' id='word_1_63' title='bbox 440 738 694 796; x_wconf 84' lang='grc' dir='ltr'><em>Λιλύβαιον.</em></span> <span class='ocrx_word' id='word_1_64' title='bbox 725 743 806 781; x_wconf 82' lang='grc' dir='ltr'><em>τοῦ</em></span> <span class='ocrx_word' id='word_1_65' title='bbox 837 739 882 781; x_wconf 79' lang='grc' dir='ltr'><em>δὲ</em></span> <span class='ocrx_word' id='word_1_66' title='bbox 910 739 1099 794; x_wconf 78' lang='grc' dir='ltr'><em>Πύρρου</em></span> <span class='ocrx_word' id='word_1_67' title='bbox 1129 741 1226 794; x_wconf 84' lang='grc' dir='ltr'><em>περὶ</em></span> <span class='ocrx_word' id='word_1_68' title='bbox 1255 739 1337 796; x_wconf 84' lang='grc' dir='ltr'><em>τὴν</em></span> <span class='ocrx_word' id='word_1_69' title='bbox 1366 746 1543 796; x_wconf 90' lang='grc' dir='ltr'><em>πολιορ-</em></span> 
     </span>
     <span class='ocr_line' id='line_1_10' title="bbox 156 794 1544 865; baseline -0.002 -22"><span class='ocrx_word' id='word_1_70' title='bbox 156 802 258 844; x_wconf 83' lang='grc' dir='ltr'><em>κίαν</em></span> <span class='ocrx_word' id='word_1_71' title='bbox 297 796 455 852; x_wconf 80' lang='grc' dir='ltr'><em>ταύτης</em></span> <span class='ocrx_word' id='word_1_72' title='bbox 494 794 937 865; x_wconf 79' lang='grc' dir='ltr'><em>παρασκευαζομένου</em></span> <span class='ocrx_word' id='word_1_73' title='bbox 983 798 1240 865; x_wconf 84' lang='grc' dir='ltr'><em>διεβίβασαν</em></span> <span class='ocrx_word' id='word_1_74' title='bbox 1278 797 1326 840; x_wconf 78' lang='grc' dir='ltr'><em>ἐκ</em></span> <span class='ocrx_word' id='word_1_75' title='bbox 1353 802 1431 854; x_wconf 83' lang='grc' dir='ltr'><em>τῆς</em></span> <span class='ocrx_word' id='word_1_76' title='bbox 1460 802 1544 840; x_wconf 87' lang='grc' dir='ltr'><em>Λι-</em></span> 
     </span>
     <span class='ocr_line' id='line_1_11' title="bbox 156 850 1543 923; baseline -0.001 -24"><span class='ocrx_word' id='word_1_77' title='bbox 156 855 266 912; x_wconf 91' lang='grc' dir='ltr'><em>βύης</em></span> <span class='ocrx_word' id='word_1_78' title='bbox 303 872 346 898; x_wconf 93' lang='grc' dir='ltr'><em>οι</em></span> <span class='ocrx_word' id='word_1_79' title='bbox 383 851 681 923; x_wconf 88' lang='grc' dir='ltr'><em>Καρχηδόνιοι</em></span> <span class='ocrx_word' id='word_1_80' title='bbox 720 851 910 921; x_wconf 86' lang='grc' dir='ltr'><em>δύναμιν</em></span> <span class='ocrx_word' id='word_1_81' title='bbox 947 850 1179 908; x_wconf 72' lang='grc' dir='ltr'><em>ἀξιόλογον</em></span> <span class='ocrx_word' id='word_1_82' title='bbox 1218 855 1279 905; x_wconf 84' lang='grc' dir='ltr'><em>εἷς</em></span> <span class='ocrx_word' id='word_1_83' title='bbox 1315 855 1364 897; x_wconf 91' lang='grc' dir='ltr'><em>τὸ</em></span> <span class='ocrx_word' id='word_1_84' title='bbox 1402 852 1543 897; x_wconf 88' lang='grc' dir='ltr'><em>Λιλύ-</em></span> 
     </span>
     <span class='ocr_line' id='line_1_12' title="bbox 156 907 1627 970; baseline -0.001 -15"><span class='ocrx_word' id='word_1_85' title='bbox 156 917 306 970; x_wconf 87' lang='grc' dir='ltr'><em>βαιον·</em></span> <span class='ocrx_word' id='word_1_86' title='bbox 353 909 497 955; x_wconf 77' lang='grc' dir='ltr'><em>πολύν</em></span> <span class='ocrx_word' id='word_1_87' title='bbox 547 909 594 953; x_wconf 79' lang='grc' dir='ltr'><em>δὲ</em></span> <span class='ocrx_word' id='word_1_88' title='bbox 645 914 768 952; x_wconf 88' lang='grc' dir='ltr'><em>σῖτον</em></span> <span class='ocrx_word' id='word_1_89' title='bbox 805 907 1015 964; x_wconf 78' lang='grc' dir='ltr'><em>ἐκόμισαν</em></span> <span class='ocrx_word' id='word_1_90' title='bbox 1064 915 1541 964; x_wconf 78' lang='grc' dir='ltr'><em>θαλασσοκρατουντες,</em></span> <span class='ocrx_word' id='word_1_91' title='bbox 1571 918 1627 962; x_wconf 85' lang='grc'><em>65</em></span> 
     </span>
     <span class='ocr_line' id='line_1_13' title="bbox 156 964 1543 1039; baseline -0.001 -27"><span class='ocrx_word' id='word_1_92' title='bbox 156 969 352 1039; x_wconf 80' lang='grc' dir='ltr'><em>μηχανάς</em></span> <span class='ocrx_word' id='word_1_93' title='bbox 384 967 431 1011; x_wconf 87' lang='grc' dir='ltr'><em>δε</em></span> <span class='ocrx_word' id='word_1_94' title='bbox 460 966 529 1010; x_wconf 83' lang='grc' dir='ltr'><em>καὶ</em></span> <span class='ocrx_word' id='word_1_95' title='bbox 562 964 664 1036; x_wconf 82' lang='grc' dir='ltr'><em>βέλη</em></span> <span class='ocrx_word' id='word_1_96' title='bbox 694 970 862 1036; x_wconf 83' lang='grc' dir='ltr'><em>πλῆθος</em></span> <span class='ocrx_word' id='word_1_97' title='bbox 891 965 1089 1010; x_wconf 82' lang='grc' dir='ltr'><em>άπιστον.</em></span> <span class='ocrx_word' id='word_1_98' title='bbox 1125 967 1262 1037; x_wconf 78' lang='grc' dir='ltr'><em>οὔσης</em></span> <span class='ocrx_word' id='word_1_99' title='bbox 1293 968 1338 1011; x_wconf 81' lang='grc' dir='ltr'><em>δὲ</em></span> <span class='ocrx_word' id='word_1_100' title='bbox 1366 973 1442 1023; x_wconf 84' lang='grc' dir='ltr'><em>τῆς</em></span> <span class='ocrx_word' id='word_1_101' title='bbox 1467 967 1543 1011; x_wconf 91' lang='grc' dir='ltr'><em>πό-</em></span> 
     </span>
     <span class='ocr_line' id='line_1_14' title="bbox 155 1021 1544 1081; baseline -0.002 -10"><span class='ocrx_word' id='word_1_102' title='bbox 155 1031 264 1077; x_wconf 87' lang='grc' dir='ltr'><em>λεως</em></span> <span class='ocrx_word' id='word_1_103' title='bbox 292 1024 342 1068; x_wconf 80' lang='grc' dir='ltr'><em>τὸ</em></span> <span class='ocrx_word' id='word_1_104' title='bbox 371 1028 574 1068; x_wconf 83' lang='grc' dir='ltr'><em>πλεῖστον</em></span> <span class='ocrx_word' id='word_1_105' title='bbox 611 1023 743 1078; x_wconf 80' lang='grc' dir='ltr'><em>μέρος</em></span> <span class='ocrx_word' id='word_1_106' title='bbox 772 1022 819 1066; x_wconf 76' lang='grc' dir='ltr'><em>ἐν</em></span> <span class='ocrx_word' id='word_1_107' title='bbox 848 1021 1074 1080; x_wconf 79' lang='grc' dir='ltr'><em>θαλάσσῃ,</em></span> <span class='ocrx_word' id='word_1_108' title='bbox 1114 1025 1192 1075; x_wconf 82' lang='grc' dir='ltr'><em>τάς</em></span> <span class='ocrx_word' id='word_1_109' title='bbox 1232 1023 1319 1067; x_wconf 82' lang='grc' dir='ltr'><em>ἀπὸ</em></span> <span class='ocrx_word' id='word_1_110' title='bbox 1358 1030 1435 1080; x_wconf 85' lang='grc' dir='ltr'><em>τῆς</em></span> <span class='ocrx_word' id='word_1_111' title='bbox 1463 1028 1544 1081; x_wconf 89' lang='grc' dir='ltr'><em>γῆς</em></span> 
     </span>
     <span class='ocr_line' id='line_1_15' title="bbox 156 1079 1545 1152; baseline -0.001 -25.973"><span class='ocrx_word' id='word_1_112' title='bbox 156 1081 408 1152; x_wconf 88' lang='grc' dir='ltr'><em>προςόδους</em></span> <span class='ocrx_word' id='word_1_113' title='bbox 437 1081 647 1135; x_wconf 81' lang='grc' dir='ltr'><em>ἐτείχισαν</em></span> <span class='ocrx_word' id='word_1_114' title='bbox 675 1080 749 1123; x_wconf 89' lang='grc' dir='ltr'><em>καὶ</em></span> <span class='ocrx_word' id='word_1_115' title='bbox 768 1079 968 1135; x_wconf 77' lang='grc' dir='ltr'><em>πύργους</em></span> <span class='ocrx_word' id='word_1_116' title='bbox 995 1096 1194 1131; x_wconf 89' lang='grc' dir='ltr'><em>πυκνους</em></span> <span class='ocrx_word' id='word_1_117' title='bbox 1217 1080 1439 1151; x_wconf 78' lang='grc' dir='ltr'><em>ἐποίησαν,</em></span> <span class='ocrx_word' id='word_1_118' title='bbox 1469 1082 1545 1125; x_wconf 88' lang='grc' dir='ltr'><em>καὶ</em></span> 
     </span>
     <span class='ocr_line' id='line_1_16' title="bbox 155 1135 1629 1209; baseline 0 -25"><span class='ocrx_word' id='word_1_119' title='bbox 155 1139 333 1209; x_wconf 79' lang='grc' dir='ltr'><em>τάφρον</em></span> <span class='ocrx_word' id='word_1_120' title='bbox 363 1136 597 1206; x_wconf 80' lang='grc' dir='ltr'><em>ὀρύξαντες</em></span> <span class='ocrx_word' id='word_1_121' title='bbox 627 1135 764 1192; x_wconf 79' lang='grc' dir='ltr'><em>μέγαν</em></span> <span class='ocrx_word' id='word_1_122' title='bbox 796 1137 1190 1192; x_wconf 83' lang='grc' dir='ltr'><em>διεπρεσβεύσαντο</em></span> <span class='ocrx_word' id='word_1_123' title='bbox 1221 1138 1333 1192; x_wconf 85' lang='grc' dir='ltr'><em>πρὸς</em></span> <span class='ocrx_word' id='word_1_124' title='bbox 1361 1139 1438 1182; x_wconf 87' lang='grc' dir='ltr'><em>τὸν</em></span> <span class='ocrx_word' id='word_1_125' title='bbox 1469 1141 1543 1194; x_wconf 86' lang='grc' dir='ltr'><em>βα·</em></span> <span class='ocrx_word' id='word_1_126' title='bbox 1572 1146 1629 1185; x_wconf 91' lang='grc'><em>70</em></span> 
     </span>
     <span class='ocr_line' id='line_1_17' title="bbox 156 1192 1546 1266; baseline -0.001 -26"><span class='ocrx_word' id='word_1_127' title='bbox 156 1197 277 1241; x_wconf 87' lang='grc' dir='ltr'><em>σιλέα</em></span> <span class='ocrx_word' id='word_1_128' title='bbox 305 1194 415 1248; x_wconf 81' lang='grc' dir='ltr'><em>υπὲρ</em></span> <span class='ocrx_word' id='word_1_129' title='bbox 445 1192 685 1244; x_wconf 84' lang='grc' dir='ltr'><em>διαλύσεως</em></span> <span class='ocrx_word' id='word_1_130' title='bbox 714 1193 788 1237; x_wconf 90' lang='grc' dir='ltr'><em>καὶ</em></span> <span class='ocrx_word' id='word_1_131' title='bbox 817 1193 1012 1248; x_wconf 82' lang='grc' dir='ltr'><em>εἰρήνης,</em></span> <span class='ocrx_word' id='word_1_132' title='bbox 1057 1195 1305 1238; x_wconf 77' lang='grc' dir='ltr'><em>συνθέσθαι</em></span> <span class='ocrx_word' id='word_1_133' title='bbox 1336 1196 1410 1239; x_wconf 87' lang='grc' dir='ltr'><em>καὶ</em></span> <span class='ocrx_word' id='word_1_134' title='bbox 1438 1212 1546 1266; x_wconf 88' lang='grc' dir='ltr'><em>χρη-</em></span> 
     </span>
     <span class='ocr_line' id='line_1_18' title="bbox 155 1250 1545 1320; baseline -0.004 -23"><span class='ocrx_word' id='word_1_135' title='bbox 155 1252 306 1310; x_wconf 87' lang='grc' dir='ltr'><em>μάτων</em></span> <span class='ocrx_word' id='word_1_136' title='bbox 334 1256 506 1307; x_wconf 83' lang='grc' dir='ltr'><em>πλῆθος</em></span> <span class='ocrx_word' id='word_1_137' title='bbox 536 1252 706 1293; x_wconf 87' lang='grc' dir='ltr'><em>δοῦναι.</em></span> <span class='ocrx_word' id='word_1_138' title='bbox 736 1253 819 1294; x_wconf 82' lang='grc' dir='ltr'><em>τοῦ</em></span> <span class='ocrx_word' id='word_1_139' title='bbox 848 1250 1060 1305; x_wconf 80' lang='grc' dir='ltr'><em>βασιλέως</em></span> <span class='ocrx_word' id='word_1_140' title='bbox 1080 1251 1280 1320; x_wconf 84' lang='grc' dir='ltr'><em>χρήματα</em></span> <span class='ocrx_word' id='word_1_141' title='bbox 1307 1256 1458 1308; x_wconf 87' lang='grc' dir='ltr'><em>λαβεῖν</em></span> <span class='ocrx_word' id='word_1_142' title='bbox 1487 1252 1545 1309; x_wconf 76' lang='grc' dir='ltr'><em>μή</em></span> 
     </span>
     <span class='ocr_line' id='line_1_19' title="bbox 153 1306 1547 1365; baseline -0.001 -11"><span class='ocrx_word' id='word_1_143' title='bbox 153 1308 525 1364; x_wconf 79' lang='grc' dir='ltr'><em>προςδεχομένου,</em></span> <span class='ocrx_word' id='word_1_144' title='bbox 555 1306 809 1357; x_wconf 81' lang='grc' dir='ltr'><em>πεισθέντος</em></span> <span class='ocrx_word' id='word_1_145' title='bbox 839 1307 885 1350; x_wconf 77' lang='grc' dir='ltr'><em>δὲ</em></span> <span class='ocrx_word' id='word_1_146' title='bbox 913 1306 962 1350; x_wconf 85' lang='grc' dir='ltr'><em>τὸ</em></span> <span class='ocrx_word' id='word_1_147' title='bbox 993 1308 1239 1364; x_wconf 89' lang='grc' dir='ltr'><em>Λιλύβαιον</em></span> <span class='ocrx_word' id='word_1_148' title='bbox 1269 1314 1547 1365; x_wconf 83' lang='grc' dir='ltr'><em>συγχωρῆσαι</em></span> 
     </span>
     <span class='ocr_line' id='line_1_20' title="bbox 154 1363 1547 1434; baseline -0.001 -23"><span class='ocrx_word' id='word_1_149' title='bbox 154 1372 246 1417; x_wconf 87' lang='grc' dir='ltr'><em>τοῖς</em></span> <span class='ocrx_word' id='word_1_150' title='bbox 284 1366 625 1434; x_wconf 86' lang='grc' dir='ltr'><em>Καρχηδονίοις,</em></span> <span class='ocrx_word' id='word_1_151' title='bbox 666 1365 710 1407; x_wconf 90' lang='grc' dir='ltr'><em>οι</em></span> <span class='ocrx_word' id='word_1_152' title='bbox 745 1363 990 1434; x_wconf 80' lang='grc' dir='ltr'><em>μετέχοντες</em></span> <span class='ocrx_word' id='word_1_153' title='bbox 1028 1370 1110 1408; x_wconf 82' lang='grc' dir='ltr'><em>τοῦ</em></span> <span class='ocrx_word' id='word_1_154' title='bbox 1145 1367 1381 1420; x_wconf 89' lang='grc' dir='ltr'><em>συνεδρίου</em></span> <span class='ocrx_word' id='word_1_155' title='bbox 1423 1369 1547 1422; x_wconf 83' lang='grc' dir='ltr'><em>φίλοι</em></span> 
     </span>
     <span class='ocr_line' id='line_1_21' title="bbox 155 1420 1632 1493; baseline -0.002 -25"><span class='ocrx_word' id='word_1_156' title='bbox 155 1425 230 1468; x_wconf 84' lang='grc' dir='ltr'><em>καὶ</em></span> <span class='ocrx_word' id='word_1_157' title='bbox 269 1425 313 1466; x_wconf 74' lang='grc' dir='ltr'><em>οἵ</em></span> <span class='ocrx_word' id='word_1_158' title='bbox 361 1420 447 1465; x_wconf 80' lang='grc' dir='ltr'><em>ἀπὸ</em></span> <span class='ocrx_word' id='word_1_159' title='bbox 487 1425 578 1464; x_wconf 79' lang='grc' dir='ltr'><em>τῶν</em></span> <span class='ocrx_word' id='word_1_160' title='bbox 616 1420 788 1464; x_wconf 87' lang='grc' dir='ltr'><em>πόλεων</em></span> <span class='ocrx_word' id='word_1_161' title='bbox 825 1420 1153 1473; x_wconf 87' lang='grc' dir='ltr'><em>αποκαλοῦντες</em></span> <span class='ocrx_word' id='word_1_162' title='bbox 1198 1424 1350 1493; x_wconf 81' lang='grc' dir='ltr'><em>μηδενὶ</em></span> <span class='ocrx_word' id='word_1_163' title='bbox 1395 1423 1543 1480; x_wconf 87' lang='grc' dir='ltr'><em>τρόπῳ</em></span> <span class='ocrx_word' id='word_1_164' title='bbox 1575 1427 1632 1470; x_wconf 86' lang='grc'><em>75</em></span> 
     </span>
     <span class='ocr_line' id='line_1_22' title="bbox 156 1477 1545 1550; baseline -0.001 -25"><span class='ocrx_word' id='word_1_165' title='bbox 156 1484 396 1550; x_wconf 75' lang='grc' dir='ltr'><em>συγχωρεῖν</em></span> <span class='ocrx_word' id='word_1_166' title='bbox 426 1483 517 1549; x_wconf 66' lang='grc' dir='ltr'><em>τρῖς</em></span> <span class='ocrx_word' id='word_1_167' title='bbox 546 1477 789 1548; x_wconf 86' lang='grc' dir='ltr'><em>βαρβάροις</em></span> <span class='ocrx_word' id='word_1_168' title='bbox 819 1477 1071 1532; x_wconf 75' lang='grc' dir='ltr'><em>ἐπιβάθραν</em></span> <span class='ocrx_word' id='word_1_169' title='bbox 1102 1479 1211 1534; x_wconf 77' lang='grc' dir='ltr'><em>ἔχειν</em></span> <span class='ocrx_word' id='word_1_170' title='bbox 1240 1479 1350 1523; x_wconf 75' lang='grc' dir='ltr'><em>κατὰ</em></span> <span class='ocrx_word' id='word_1_171' title='bbox 1375 1484 1450 1536; x_wconf 83' lang='grc' dir='ltr'><em>τῆς</em></span> <span class='ocrx_word' id='word_1_172' title='bbox 1468 1485 1545 1524; x_wconf 88' lang='grc' dir='ltr'><em>Σι-</em></span> 
     </span>
     <span class='ocr_line' id='line_1_23' title="bbox 155 1532 1545 1607; baseline -0.001 -25"><span class='ocrx_word' id='word_1_173' title='bbox 155 1541 323 1587; x_wconf 76' lang='grc' dir='ltr'><em>κελίας,</em></span> <span class='ocrx_word' id='word_1_174' title='bbox 366 1532 458 1579; x_wconf 77' lang='grc' dir='ltr'><em>ἀλλ’</em></span> <span class='ocrx_word' id='word_1_175' title='bbox 490 1534 543 1587; x_wconf 72' lang='grc' dir='ltr'><em>ἐξ</em></span> <span class='ocrx_word' id='word_1_176' title='bbox 581 1533 750 1604; x_wconf 77' lang='grc' dir='ltr'><em>ἁπάσης</em></span> <span class='ocrx_word' id='word_1_177' title='bbox 789 1533 923 1590; x_wconf 80' lang='grc' dir='ltr'><em>αὐτῆς</em></span> <span class='ocrx_word' id='word_1_178' title='bbox 966 1534 1164 1607; x_wconf 77' lang='grc' dir='ltr'><em>εξελοίσαι</em></span> <span class='ocrx_word' id='word_1_179' title='bbox 1192 1539 1298 1587; x_wconf 80' lang='grc' dir='ltr'><em>τούς</em></span> <span class='ocrx_word' id='word_1_180' title='bbox 1333 1540 1545 1589; x_wconf 86' lang='grc' dir='ltr'><em>Φοίνικας</em></span> 
     </span>
     <span class='ocr_line' id='line_1_24' title="bbox 154 1591 1545 1664; baseline -0.001 -25"><span class='ocrx_word' id='word_1_181' title='bbox 154 1595 231 1640; x_wconf 80' lang='grc' dir='ltr'><em>καὶ</em></span> <span class='ocrx_word' id='word_1_182' title='bbox 271 1593 462 1647; x_wconf 89' lang='grc' dir='ltr'><em>διορίσαι</em></span> <span class='ocrx_word' id='word_1_183' title='bbox 499 1608 558 1650; x_wconf 86' lang='grc' dir='ltr'><em>τῳ</em></span> <span class='ocrx_word' id='word_1_184' title='bbox 589 1591 763 1647; x_wconf 75' lang='grc' dir='ltr'><em>πελάγει</em></span> <span class='ocrx_word' id='word_1_185' title='bbox 793 1607 872 1647; x_wconf 87' lang='grc' dir='ltr'><em>την</em></span> <span class='ocrx_word' id='word_1_186' title='bbox 903 1592 1134 1647; x_wconf 80' lang='grc' dir='ltr'><em>ἐπαρχίαν,</em></span> <span class='ocrx_word' id='word_1_187' title='bbox 1178 1591 1317 1644; x_wconf 82' lang='grc' dir='ltr'><em>ευθὺς</em></span> <span class='ocrx_word' id='word_1_188' title='bbox 1357 1593 1380 1637; x_wconf 91' lang='grc' dir='ltr'><em>ὁ</em></span> <span class='ocrx_word' id='word_1_189' title='bbox 1410 1597 1545 1664; x_wconf 87' lang='grc' dir='ltr'><em>βασι-</em></span> 
     </span>
     <span class='ocr_line' id='line_1_25' title="bbox 155 1648 1544 1706; baseline -0.001 -10"><span class='ocrx_word' id='word_1_190' title='bbox 155 1651 256 1701; x_wconf 89' lang='grc' dir='ltr'><em>λευς</em></span> <span class='ocrx_word' id='word_1_191' title='bbox 285 1651 472 1705; x_wconf 89' lang='grc' dir='ltr'><em>πλησίον</em></span> <span class='ocrx_word' id='word_1_192' title='bbox 511 1665 601 1692; x_wconf 90' lang='grc' dir='ltr'><em>των</em></span> <span class='ocrx_word' id='word_1_193' title='bbox 639 1652 789 1704; x_wconf 83' lang='grc' dir='ltr'><em>τειχῶν</em></span> <span class='ocrx_word' id='word_1_194' title='bbox 827 1650 1334 1701; x_wconf 80' lang='grc' dir='ltr'><em>καταστρατοπεδεύσας,</em></span> <span class='ocrx_word' id='word_1_195' title='bbox 1375 1648 1425 1694; x_wconf 89' lang='grc' dir='ltr'><em>τὸ</em></span> <span class='ocrx_word' id='word_1_196' title='bbox 1465 1668 1544 1706; x_wconf 90' lang='grc' dir='ltr'><em>μεν</em></span> 
     </span>
     <span class='ocr_line' id='line_1_26' title="bbox 155 1705 1630 1762; baseline -0.001 -10"><span class='ocrx_word' id='word_1_197' title='bbox 155 1723 334 1762; x_wconf 88' lang='grc' dir='ltr'><em>πρωτον</em></span> <span class='ocrx_word' id='word_1_198' title='bbox 364 1710 555 1760; x_wconf 85' lang='grc' dir='ltr'><em>συνεχεῖς</em></span> <span class='ocrx_word' id='word_1_199' title='bbox 582 1722 675 1756; x_wconf 91' lang='grc' dir='ltr'><em>τοις</em></span> <span class='ocrx_word' id='word_1_200' title='bbox 698 1707 878 1760; x_wconf 87' lang='grc' dir='ltr'><em>τείχεσιν</em></span> <span class='ocrx_word' id='word_1_201' title='bbox 901 1705 1087 1749; x_wconf 79' lang='grc' dir='ltr'><em>ἐποιεῖτο</em></span> <span class='ocrx_word' id='word_1_202' title='bbox 1108 1707 1355 1762; x_wconf 86' lang='grc' dir='ltr'><em>προςβολας</em></span> <span class='ocrx_word' id='word_1_203' title='bbox 1380 1724 1428 1750; x_wconf 90' lang='grc' dir='ltr'><em>εκ</em></span> <span class='ocrx_word' id='word_1_204' title='bbox 1456 1710 1546 1751; x_wconf 88' lang='grc' dir='ltr'><em>δια-</em></span> <span class='ocrx_word' id='word_1_205' title='bbox 1574 1715 1630 1755; x_wconf 87' lang='grc'><em>80</em></span> 
     </span>
     <span class='ocr_line' id='line_1_27' title="bbox 156 1760 1545 1835; baseline -0.001 -26"><span class='ocrx_word' id='word_1_206' title='bbox 156 1768 306 1835; x_wconf 83' lang='grc' dir='ltr'><em>δοχῆς·</em></span> <span class='ocrx_word' id='word_1_207' title='bbox 338 1761 562 1818; x_wconf 81' lang='grc' dir='ltr'><em>ἠμύναντο</em></span> <span class='ocrx_word' id='word_1_208' title='bbox 593 1762 639 1805; x_wconf 90' lang='grc' dir='ltr'><em>δε</em></span> <span class='ocrx_word' id='word_1_209' title='bbox 669 1778 712 1805; x_wconf 93' lang='grc' dir='ltr'><em>οι</em></span> <span class='ocrx_word' id='word_1_210' title='bbox 742 1760 1038 1817; x_wconf 87' lang='grc' dir='ltr'><em>Καρχηδόνιοι</em></span> <span class='ocrx_word' id='word_1_211' title='bbox 1075 1763 1148 1805; x_wconf 87' lang='grc' dir='ltr'><em>δια</em></span> <span class='ocrx_word' id='word_1_212' title='bbox 1176 1764 1225 1806; x_wconf 85' lang='grc' dir='ltr'><em>τὸ</em></span> <span class='ocrx_word' id='word_1_213' title='bbox 1255 1768 1425 1819; x_wconf 86' lang='grc' dir='ltr'><em>πλῆθος</em></span> <span class='ocrx_word' id='word_1_214' title='bbox 1455 1782 1545 1808; x_wconf 93' lang='grc' dir='ltr'><em>των</em></span> 
     </span>
     <span class='ocr_line' id='line_1_28' title="bbox 153 1817 1545 1889; baseline 0 -24"><span class='ocrx_word' id='word_1_215' title='bbox 153 1819 489 1876; x_wconf 75' lang='grc' dir='ltr'><em>ἀγωνιζομένων</em></span> <span class='ocrx_word' id='word_1_216' title='bbox 520 1819 592 1861; x_wconf 86' lang='grc' dir='ltr'><em>καὶ</em></span> <span class='ocrx_word' id='word_1_217' title='bbox 614 1817 664 1861; x_wconf 85' lang='grc' dir='ltr'><em>τὸ</em></span> <span class='ocrx_word' id='word_1_218' title='bbox 686 1818 869 1889; x_wconf 85' lang='grc' dir='ltr'><em>μέγεθος</em></span> <span class='ocrx_word' id='word_1_219' title='bbox 898 1823 974 1873; x_wconf 82' lang='grc' dir='ltr'><em>τῆς</em></span> <span class='ocrx_word' id='word_1_220' title='bbox 1002 1825 1295 1877; x_wconf 80' lang='grc' dir='ltr'><em>παρασκευῆς.</em></span> <span class='ocrx_word' id='word_1_221' title='bbox 1326 1826 1545 1865; x_wconf 84' lang='grc' dir='ltr'><em>τοσοῦτον</em></span> 
     </span>
     <span class='ocr_line' id='line_1_29' title="bbox 153 1874 1546 1949; baseline 0 -27"><span class='ocrx_word' id='word_1_222' title='bbox 153 1877 240 1949; x_wconf 83' lang='grc' dir='ltr'><em>γάρ</em></span> <span class='ocrx_word' id='word_1_223' title='bbox 278 1880 446 1932; x_wconf 84' lang='grc' dir='ltr'><em>πλῆθος</em></span> <span class='ocrx_word' id='word_1_224' title='bbox 483 1879 765 1919; x_wconf 79' lang='grc' dir='ltr'><em>καταπελτῶν</em></span> <span class='ocrx_word' id='word_1_225' title='bbox 805 1874 1024 1931; x_wconf 80' lang='grc' dir='ltr'><em>ὀξυβελων</em></span> <span class='ocrx_word' id='word_1_226' title='bbox 1062 1893 1107 1920; x_wconf 92' lang='grc' dir='ltr'><em>τε</em></span> <span class='ocrx_word' id='word_1_227' title='bbox 1145 1878 1219 1920; x_wconf 85' lang='grc' dir='ltr'><em>καὶ</em></span> <span class='ocrx_word' id='word_1_228' title='bbox 1262 1877 1546 1948; x_wconf 87' lang='grc' dir='ltr'><em>πετροβόλων</em></span> 
     </span>
     <span class='ocr_line' id='line_1_30' title="bbox 153 1932 1632 2005; baseline 0.001 -28"><span class='ocrx_word' id='word_1_229' title='bbox 153 1934 369 2005; x_wconf 80' lang='grc' dir='ltr'><em>ἤθροιστο</em></span> <span class='ocrx_word' id='word_1_230' title='bbox 407 1932 526 1986; x_wconf 79' lang='grc' dir='ltr'><em>παρά</em></span> <span class='ocrx_word' id='word_1_231' title='bbox 557 1933 876 1988; x_wconf 83' lang='grc' dir='ltr'><em>Καρχηδονίων</em></span> <span class='ocrx_word' id='word_1_232' title='bbox 916 1933 1021 1984; x_wconf 81' lang='grc' dir='ltr'><em>ὥςτε</em></span> <span class='ocrx_word' id='word_1_233' title='bbox 1045 1934 1095 1976; x_wconf 82' lang='grc' dir='ltr'><em>τό</em></span> <span class='ocrx_word' id='word_1_234' title='bbox 1126 1940 1264 1990; x_wconf 88' lang='grc' dir='ltr'><em>τεῖχος</em></span> <span class='ocrx_word' id='word_1_235' title='bbox 1293 1953 1350 1990; x_wconf 92' lang='grc' dir='ltr'><em>μη</em></span> <span class='ocrx_word' id='word_1_236' title='bbox 1388 1941 1546 1991; x_wconf 84' lang='grc' dir='ltr'><em>χωρεῖν</em></span> <span class='ocrx_word' id='word_1_237' title='bbox 1576 1941 1632 1982; x_wconf 85' lang='grc'><em>85</em></span> 
     </span>
     <span class='ocr_line' id='line_1_31' title="bbox 156 1989 1547 2060; baseline 0.001 -25"><span class='ocrx_word' id='word_1_238' title='bbox 156 1992 206 2035; x_wconf 83' lang='grc' dir='ltr'><em>τό</em></span> <span class='ocrx_word' id='word_1_239' title='bbox 237 1995 408 2047; x_wconf 84' lang='grc' dir='ltr'><em>πλῆθος</em></span> <span class='ocrx_word' id='word_1_240' title='bbox 437 1994 513 2045; x_wconf 87' lang='grc' dir='ltr'><em>τῆς</em></span> <span class='ocrx_word' id='word_1_241' title='bbox 537 1994 827 2060; x_wconf 80' lang='grc' dir='ltr'><em>παρασκευῆς</em></span> <span class='ocrx_word' id='word_1_242' title='bbox 870 1989 939 2034; x_wconf 83' lang='grc' dir='ltr'><em>διό</em></span> <span class='ocrx_word' id='word_1_243' title='bbox 970 1990 1046 2033; x_wconf 88' lang='grc' dir='ltr'><em>καὶ</em></span> <span class='ocrx_word' id='word_1_244' title='bbox 1077 1994 1219 2047; x_wconf 81' lang='grc' dir='ltr'><em>βελῶν</em></span> <span class='ocrx_word' id='word_1_245' title='bbox 1248 1996 1547 2036; x_wconf 76' lang='grc' dir='ltr'><em>παντοδαπῶν</em></span> 
     </span>
     <span class='ocr_line' id='line_1_32' title="bbox 88 2046 1549 2117; baseline -0.001 -23"><span class='ocrx_word' id='word_1_246' title='bbox 88 2046 418 2117; x_wconf 80' lang='grc' dir='ltr'><em>499άχθομένων</em></span> <span class='ocrx_word' id='word_1_247' title='bbox 447 2046 517 2090; x_wconf 79' lang='grc' dir='ltr'><em>ἐπι</em></span> <span class='ocrx_word' id='word_1_248' title='bbox 545 2047 650 2098; x_wconf 82' lang='grc' dir='ltr'><em>τοὺς</em></span> <span class='ocrx_word' id='word_1_249' title='bbox 678 2051 1048 2100; x_wconf 83' lang='grc' dir='ltr'><em>πολιορκοῦντας,</em></span> <span class='ocrx_word' id='word_1_250' title='bbox 1079 2052 1257 2092; x_wconf 86' lang='grc' dir='ltr'><em>πολλων</em></span> <span class='ocrx_word' id='word_1_251' title='bbox 1286 2049 1549 2117; x_wconf 89' lang='grc' dir='ltr'><em>πιπτόντων,</em></span> 
     </span>
     <span class='ocr_line' id='line_1_33' title="bbox 156 2102 1549 2174; baseline 0 -25"><span class='ocrx_word' id='word_1_252' title='bbox 156 2110 334 2150; x_wconf 82' lang='grc' dir='ltr'><em>πολλῶν</em></span> <span class='ocrx_word' id='word_1_253' title='bbox 375 2104 422 2147; x_wconf 82' lang='grc' dir='ltr'><em>δὲ</em></span> <span class='ocrx_word' id='word_1_254' title='bbox 459 2103 897 2174; x_wconf 81' lang='grc' dir='ltr'><em>τραυματιζομένων,</em></span> <span class='ocrx_word' id='word_1_255' title='bbox 937 2102 1180 2159; x_wconf 77' lang='grc' dir='ltr'><em>ἠλαττοῦτο</em></span> <span class='ocrx_word' id='word_1_256' title='bbox 1222 2104 1420 2161; x_wconf 75' lang='grc' dir='ltr'><em>Πύρρος.</em></span> <span class='ocrx_word' id='word_1_257' title='bbox 1459 2123 1549 2150; x_wconf 82' lang='grc' dir='ltr'><em>επε-</em></span> 
     </span>
     <span class='ocr_line' id='line_1_34' title="bbox 157 2159 1631 2232; baseline 0.003 -27"><span class='ocrx_word' id='word_1_258' title='bbox 157 2161 312 2219; x_wconf 87' lang='grc' dir='ltr'><em>βάλετο</em></span> <span class='ocrx_word' id='word_1_259' title='bbox 356 2161 428 2205; x_wconf 86' lang='grc' dir='ltr'><em>καὶ</em></span> <span class='ocrx_word' id='word_1_260' title='bbox 469 2159 602 2211; x_wconf 83' lang='grc' dir='ltr'><em>αὐτὸς</em></span> <span class='ocrx_word' id='word_1_261' title='bbox 639 2177 834 2232; x_wconf 89' lang='grc' dir='ltr'><em>μηχανας</em></span> <span class='ocrx_word' id='word_1_262' title='bbox 875 2159 897 2204; x_wconf 90' lang='grc' dir='ltr'>ὁ</span> <span class='ocrx_word' id='word_1_263' title='bbox 946 2161 1149 2215; x_wconf 79' lang='grc' dir='ltr'><em>βασιλεύς</em></span> <span class='ocrx_word' id='word_1_264' title='bbox 1193 2163 1544 2217; x_wconf 80' lang='grc' dir='ltr'><em>κατασκευάζειν,</em></span> <span class='ocrx_word' id='word_1_265' title='bbox 1575 2169 1631 2210; x_wconf 82' lang='grc'><em>90</em></span> 
     </span>
     <span class='ocr_line' id='line_1_35' title="bbox 153 2216 1549 2290; baseline 0 -26"><span class='ocrx_word' id='word_1_266' title='bbox 153 2237 244 2264; x_wconf 89' lang='grc' dir='ltr'><em>των</em></span> <span class='ocrx_word' id='word_1_267' title='bbox 274 2220 322 2262; x_wconf 79' lang='grc' dir='ltr'><em>ἐκ</em></span> <span class='ocrx_word' id='word_1_268' title='bbox 351 2216 650 2287; x_wconf 88' lang='grc' dir='ltr'><em>Συρακούσης</em></span> <span class='ocrx_word' id='word_1_269' title='bbox 683 2217 967 2290; x_wconf 84' lang='grc' dir='ltr'><em>άναχθεισων</em></span> <span class='ocrx_word' id='word_1_270' title='bbox 998 2217 1132 2278; x_wconf 78' lang='grc' dir='ltr'><em>αὐτῷ,</em></span> <span class='ocrx_word' id='word_1_271' title='bbox 1164 2220 1238 2262; x_wconf 89' lang='grc' dir='ltr'><em>καὶ</em></span> <span class='ocrx_word' id='word_1_272' title='bbox 1270 2219 1342 2263; x_wconf 80' lang='grc' dir='ltr'><em>διά</em></span> <span class='ocrx_word' id='word_1_273' title='bbox 1372 2225 1449 2277; x_wconf 82' lang='grc' dir='ltr'><em>τῆς</em></span> <span class='ocrx_word' id='word_1_274' title='bbox 1479 2238 1549 2276; x_wconf 81' lang='grc' dir='ltr'><em>με-</em></span> 
     </span>
     <span class='ocr_line' id='line_1_36' title="bbox 154 2273 1552 2348; baseline 0.001 -28"><span class='ocrx_word' id='word_1_275' title='bbox 154 2278 355 2326; x_wconf 88' lang='grc' dir='ltr'><em>ταλλείας</em></span> <span class='ocrx_word' id='word_1_276' title='bbox 385 2273 615 2330; x_wconf 87' lang='grc' dir='ltr'><em>επεβάλετο</em></span> <span class='ocrx_word' id='word_1_277' title='bbox 646 2274 698 2318; x_wconf 81' lang='grc' dir='ltr'><em>τά</em></span> <span class='ocrx_word' id='word_1_278' title='bbox 721 2278 836 2345; x_wconf 80' lang='grc' dir='ltr'><em>τείχη</em></span> <span class='ocrx_word' id='word_1_279' title='bbox 868 2279 1092 2319; x_wconf 85' lang='grc' dir='ltr'><em>σαλεῦσαι.</em></span> <span class='ocrx_word' id='word_1_280' title='bbox 1124 2293 1214 2319; x_wconf 88' lang='grc' dir='ltr'><em>των</em></span> <span class='ocrx_word' id='word_1_281' title='bbox 1244 2276 1291 2319; x_wconf 84' lang='grc' dir='ltr'><em>δὲ</em></span> <span class='ocrx_word' id='word_1_282' title='bbox 1321 2281 1552 2348; x_wconf 81' lang='grc' dir='ltr'><em>Καρχηδο-</em></span> 
     </span>
     <span class='ocr_line' id='line_1_37' title="bbox 155 2330 1547 2403; baseline 0.001 -27"><span class='ocrx_word' id='word_1_283' title='bbox 155 2335 265 2377; x_wconf 88' lang='grc' dir='ltr'><em>νίων</em></span> <span class='ocrx_word' id='word_1_284' title='bbox 304 2332 686 2401; x_wconf 77' lang='grc' dir='ltr'><em>άντιμαχομένων,</em></span> <span class='ocrx_word' id='word_1_285' title='bbox 728 2331 801 2376; x_wconf 83' lang='grc' dir='ltr'><em>διά</em></span> <span class='ocrx_word' id='word_1_286' title='bbox 830 2330 880 2375; x_wconf 80' lang='grc' dir='ltr'><em>τό</em></span> <span class='ocrx_word' id='word_1_287' title='bbox 912 2332 1112 2403; x_wconf 89' lang='grc' dir='ltr'><em>πετρωδη</em></span> <span class='ocrx_word' id='word_1_288' title='bbox 1142 2331 1255 2377; x_wconf 78' lang='grc' dir='ltr'><em>εἶναι</em></span> <span class='ocrx_word' id='word_1_289' title='bbox 1285 2333 1363 2377; x_wconf 87' lang='grc' dir='ltr'><em>τὸν</em></span> <span class='ocrx_word' id='word_1_290' title='bbox 1393 2335 1547 2389; x_wconf 91' lang='grc' dir='ltr'><em>τόπον,</em></span> 
     </span>
     <span class='ocr_line' id='line_1_38' title="bbox 157 2387 1549 2462; baseline 0.002 -30"><span class='ocrx_word' id='word_1_291' title='bbox 157 2388 242 2433; x_wconf 90' lang='grc' dir='ltr'><em>δύο</em></span> <span class='ocrx_word' id='word_1_292' title='bbox 273 2407 413 2446; x_wconf 86' lang='grc' dir='ltr'><em>μηνας</em></span> <span class='ocrx_word' id='word_1_293' title='bbox 443 2388 765 2444; x_wconf 84' lang='grc' dir='ltr'><em>πολιορκησας,</em></span> <span class='ocrx_word' id='word_1_294' title='bbox 796 2388 871 2432; x_wconf 85' lang='grc' dir='ltr'><em>καὶ</em></span> <span class='ocrx_word' id='word_1_295' title='bbox 902 2387 1125 2462; x_wconf 78' lang='grc' dir='ltr'><em>ἀπογνοὺς</em></span> <span class='ocrx_word' id='word_1_296' title='bbox 1146 2390 1234 2448; x_wconf 80' lang='grc' dir='ltr'><em>τὴν</em></span> <span class='ocrx_word' id='word_1_297' title='bbox 1264 2389 1311 2434; x_wconf 77' lang='grc' dir='ltr'><em>ἐκ</em></span> <span class='ocrx_word' id='word_1_298' title='bbox 1340 2395 1416 2448; x_wconf 83' lang='grc' dir='ltr'><em>τῆς</em></span> <span class='ocrx_word' id='word_1_299' title='bbox 1447 2394 1549 2462; x_wconf 83' lang='grc' dir='ltr'><em>βίας</em></span> 
     </span>
     <span class='ocr_line' id='line_1_39' title="bbox 156 2444 1634 2506; baseline 0.001 -16"><span class='ocrx_word' id='word_1_300' title='bbox 156 2445 336 2497; x_wconf 79' lang='grc' dir='ltr'><em>ἅλωσιν,</em></span> <span class='ocrx_word' id='word_1_301' title='bbox 369 2447 493 2490; x_wconf 78' lang='grc' dir='ltr'><em>ἔλυσε</em></span> <span class='ocrx_word' id='word_1_302' title='bbox 517 2445 600 2502; x_wconf 81' lang='grc' dir='ltr'><em>τὴν</em></span> <span class='ocrx_word' id='word_1_303' title='bbox 628 2447 904 2501; x_wconf 87' lang='grc' dir='ltr'><em>πολιορκίαν.</em></span> <span class='ocrx_word' id='word_1_304' title='bbox 931 2449 1086 2501; x_wconf 88' lang='grc' dir='ltr'><em>κρίνας</em></span> <span class='ocrx_word' id='word_1_305' title='bbox 1108 2449 1192 2491; x_wconf 83' lang='grc' dir='ltr'><em>οὑν</em></span> <span class='ocrx_word' id='word_1_306' title='bbox 1220 2447 1382 2492; x_wconf 90' lang='grc' dir='ltr'><em>στόλον</em></span> <span class='ocrx_word' id='word_1_307' title='bbox 1409 2449 1548 2506; x_wconf 79' lang='grc' dir='ltr'><em>μέγαν</em></span> <span class='ocrx_word' id='word_1_308' title='bbox 1577 2444 1634 2488; x_wconf 85' lang='grc'><em>95</em></span> 
     </span>
    </p>
   </div>
   <div class='ocr_carea' id='block_1_3' title="bbox 152 2557 1560 2931">
    <p class='ocr_par' dir='ltr' id='par_1_3' title="bbox 292 2557 1550 2617">
     <span class='ocr_line' id='line_1_40' title="bbox 292 2557 1550 2617; baseline 0.002 -24"><span class='ocrx_word' id='word_1_309' title='bbox 292 2559 351 2593; x_wconf 78' lang='grc'><em>61.</em></span> <span class='ocrx_word' id='word_1_310' title='bbox 384 2557 602 2614; x_wconf 83' lang='grc' dir='ltr'><em>Λιλύβαιον]</em></span> <span class='ocrx_word' id='word_1_311' title='bbox 635 2561 840 2606; x_wconf 75' lang='grc' dir='ltr'><em>Λιλυβαῖον</em></span> <span class='ocrx_word' id='word_1_312' title='bbox 869 2560 908 2594; x_wconf 85' lang='grc' dir='ltr'>Η</span> <span class='ocrx_word' id='word_1_313' title='bbox 1046 2560 1105 2598; x_wconf 83' lang='grc'><em>62.</em></span> <span class='ocrx_word' id='word_1_314' title='bbox 1135 2561 1233 2617; x_wconf 79' lang='grc' dir='ltr'><em>περὶ]</em></span> <span class='ocrx_word' id='word_1_315' title='bbox 1258 2561 1351 2606; x_wconf 85' lang='grc' dir='ltr'><em>πρὸς</em></span> <span class='ocrx_word' id='word_1_316' title='bbox 1384 2562 1468 2596; x_wconf 58' lang='lat' dir='ltr'><em>Rois</em></span> <span class='ocrx_word' id='word_1_317' title='bbox 1470 2561 1550 2597; x_wconf 70' lang='lat' dir='ltr'>kiue</span> 
     </span>
    </p>

    <p class='ocr_par' dir='ltr' id='par_1_4' title="bbox 294 2576 1551 2662">
     <span class='ocr_line' id='line_1_41' title="bbox 294 2576 1551 2662; baseline 0.003 -23"><span class='ocrx_word' id='word_1_318' title='bbox 294 2606 352 2639; x_wconf 73' lang='lat' dir='ltr'><em>(H.</em></span> <span class='ocrx_word' id='word_1_319' title='bbox 379 2604 599 2652; x_wconf 84' lang='grc' dir='ltr'><em>Λιλύβαιον]</em></span> <span class='ocrx_word' id='word_1_320' title='bbox 614 2609 833 2662; x_wconf 83' lang='grc' dir='ltr'><em>Λιλυβαῖον</em></span> <span class='ocrx_word' id='word_1_321' title='bbox 854 2607 892 2640; x_wconf 88' lang='grc' dir='ltr'><strong>Η</strong></span> <span class='ocrx_word' id='word_1_322' title='bbox 1039 2608 1098 2642; x_wconf 77' lang='grc'><em>70.</em></span> <span class='ocrx_word' id='word_1_323' title='bbox 1134 2576 1299 2654; x_wconf 70' lang='grc' dir='ltr'><em>εἰρρήνης]</em></span> <span class='ocrx_word' id='word_1_324' title='bbox 1336 2607 1522 2654; x_wconf 82' lang='grc' dir='ltr'><em>εἰρήνης</em></span> <span class='ocrx_word' id='word_1_325' title='bbox 1508 2608 1551 2644; x_wconf 81' lang='grc' dir='ltr'><em>ε’-</em></span> 
     </span>
    </p>

    <p class='ocr_par' dir='ltr' id='par_1_5' title="bbox 155 2650 1556 2701">
     <span class='ocr_line' id='line_1_42' title="bbox 155 2650 1556 2701; baseline 0.002 -14"><span class='ocrx_word' id='word_1_326' title='bbox 155 2653 281 2697; x_wconf 84' lang='grc' dir='ltr'><em>τοῖμοι</em></span> <span class='ocrx_word' id='word_1_327' title='bbox 299 2653 416 2685; x_wconf 81' lang='lat' dir='ltr'><strong>Rhod.</strong></span> <span class='ocrx_word' id='word_1_328' title='bbox 505 2653 564 2686; x_wconf 80' lang='lat'><em>73.</em></span> <span class='ocrx_word' id='word_1_329' title='bbox 584 2650 626 2688; x_wconf 84' lang='grc' dir='ltr'><em>τὸ</em></span> <span class='ocrx_word' id='word_1_330' title='bbox 652 2652 871 2698; x_wconf 86' lang='grc' dir='ltr'><em>Λιλύβαιον]</em></span> <span class='ocrx_word' id='word_1_331' title='bbox 896 2652 963 2688; x_wconf 84' lang='grc' dir='ltr'><em>τόν</em></span> <span class='ocrx_word' id='word_1_332' title='bbox 983 2656 1188 2701; x_wconf 87' lang='grc' dir='ltr'><em>Λιλυβαῖον</em></span> <span class='ocrx_word' id='word_1_333' title='bbox 1212 2657 1247 2689; x_wconf 89' lang='lat' dir='ltr'>H</span> <span class='ocrx_word' id='word_1_334' title='bbox 1341 2655 1400 2689; x_wconf 76' lang='lat'><em>84.</em></span> <span class='ocrx_word' id='word_1_335' title='bbox 1423 2655 1556 2700; x_wconf 85' lang='grc' dir='ltr'><em>ἤθροι-</em></span> 
     </span>
    </p>

    <p class='ocr_par' dir='ltr' id='par_1_6' title="bbox 155 2696 1558 2759">
     <span class='ocr_line' id='line_1_43' title="bbox 155 2696 1558 2759; baseline 0.001 -25"><span class='ocrx_word' id='word_1_336' title='bbox 155 2710 220 2734; x_wconf 86' lang='grc' dir='ltr'><em>στο</em></span> <span class='ocrx_word' id='word_1_337' title='bbox 244 2699 385 2739; x_wconf 56' lang='lat' dir='ltr'>Rhod„</span> <span class='ocrx_word' id='word_1_338' title='bbox 411 2696 570 2742; x_wconf 80' lang='grc' dir='ltr'><em>ἤθροιτο</em></span> <span class='ocrx_word' id='word_1_339' title='bbox 593 2700 632 2735; x_wconf 81' lang='grc' dir='ltr'>Π</span> <span class='ocrx_word' id='word_1_340' title='bbox 772 2699 829 2733; x_wconf 85' lang='grc'><em>85.</em></span> <span class='ocrx_word' id='word_1_341' title='bbox 868 2704 989 2744; x_wconf 82' lang='grc' dir='ltr'><em>τεῖχος</em></span> <span class='ocrx_word' id='word_1_342' title='bbox 1013 2719 1053 2727; x_wconf 89' lang='lat'><em>—·</em></span> <span class='ocrx_word' id='word_1_343' title='bbox 1071 2703 1217 2757; x_wconf 82' lang='grc' dir='ltr'><em>πλῆθος</em></span> <span class='ocrx_word' id='word_1_344' title='bbox 1244 2701 1430 2743; x_wconf 74' lang='lat' dir='ltr'><strong>Reiskius‚</strong></span> <span class='ocrx_word' id='word_1_345' title='bbox 1462 2703 1558 2759; x_wconf 85' lang='grc' dir='ltr'><em>πλῆ-</em></span> 
     </span>
    </p>

    <p class='ocr_par' dir='ltr' id='par_1_7' title="bbox 154 2723 1560 2826">
     <span class='ocr_line' id='line_1_44' title="bbox 154 2723 1560 2826; baseline 0.004 -47"><span class='ocrx_word' id='word_1_346' title='bbox 154 2748 304 2826; x_wconf 68' lang='lat' dir='ltr'><em>0v3vvg-l</em></span> <span class='ocrx_word' id='word_1_347' title='bbox 322 2723 440 2790; x_wconf 60' lang='grc' dir='ltr'><em>τεῖχος</em></span> <span class='ocrx_word' id='word_1_348' title='bbox 468 2745 507 2778; x_wconf 85' lang='grc' dir='ltr'>Η</span> <span class='ocrx_word' id='word_1_349' title='bbox 607 2744 666 2780; x_wconf 83' lang='grc'><em>86.</em></span> <span class='ocrx_word' id='word_1_350' title='bbox 701 2742 937 2791; x_wconf 73' lang='grc' dir='ltr'><em>ἀχθομένων]</em></span> <span class='ocrx_word' id='word_1_351' title='bbox 963 2745 1157 2792; x_wconf 76' lang='grc' dir='ltr'><em>ἀγομένων</em></span> <span class='ocrx_word' id='word_1_352' title='bbox 1180 2749 1321 2790; x_wconf 72' lang='lat' dir='ltr'><em>mma,</em></span> <span class='ocrx_word' id='word_1_353' title='bbox 1347 2745 1560 2794; x_wconf 78' lang='grc' dir='ltr'><em>ἀφιεμένων</em></span> 
     </span>
    </p>

    <p class='ocr_par' dir='ltr' id='par_1_8' title="bbox 204 2792 411 2836">
     <span class='ocr_line' id='line_1_45' title="bbox 204 2792 411 2836; baseline -0.01 -10"><span class='ocrx_word' id='word_1_354' title='bbox 204 2802 278 2826; x_wconf 83' lang='lat' dir='ltr'>esse</span> <span class='ocrx_word' id='word_1_355' title='bbox 295 2792 411 2836; x_wconf 76' lang='lat' dir='ltr'>lugius</span> 
     </span>
    </p>

    <p class='ocr_par' dir='ltr' id='par_1_9' title="bbox 245 2833 1559 2887">
     <span class='ocr_line' id='line_1_46' title="bbox 245 2833 1559 2887; baseline 0.004 -16"><span class='ocrx_word' id='word_1_356' title='bbox 245 2837 326 2872; x_wconf 75' lang='lat'><strong>499.</strong></span> <span class='ocrx_word' id='word_1_357' title='bbox 361 2837 417 2871; x_wconf 83' lang='lat'><em>89.</em></span> <span class='ocrx_word' id='word_1_358' title='bbox 451 2833 621 2881; x_wconf 77' lang='grc' dir='ltr'><em>μηχανὰς</em></span> <span class='ocrx_word' id='word_1_359' title='bbox 643 2838 782 2881; x_wconf 58' lang='lat' dir='ltr'>Rhod„</span> <span class='ocrx_word' id='word_1_360' title='bbox 821 2841 1005 2886; x_wconf 86' lang='grc' dir='ltr'><em>μηχαναῖς</em></span> <span class='ocrx_word' id='word_1_361' title='bbox 1035 2839 1073 2874; x_wconf 87' lang='lat' dir='ltr'>H</span> <span class='ocrx_word' id='word_1_362' title='bbox 1213 2838 1271 2875; x_wconf 84' lang='grc'><em>90.</em></span> <span class='ocrx_word' id='word_1_363' title='bbox 1309 2837 1559 2887; x_wconf 79' lang='grc' dir='ltr'><em>ἀναχθεισῶν]</em></span> 
     </span>
    </p>

    <p class='ocr_par' dir='ltr' id='par_1_10' title="bbox 152 2881 831 2931">
     <span class='ocr_line' id='line_1_47' title="bbox 152 2881 831 2931; baseline 0.001 -11"><span class='ocrx_word' id='word_1_364' title='bbox 152 2881 381 2931; x_wconf 76' lang='grc' dir='ltr'><em>ἐναχθεισῶν</em></span> <span class='ocrx_word' id='word_1_365' title='bbox 403 2885 460 2922; x_wconf 84' lang='grc' dir='ltr'><em>Η·</em></span> <span class='ocrx_word' id='word_1_366' title='bbox 481 2883 593 2931; x_wconf 82' lang='grc' dir='ltr'><em>χωρὶς</em></span> <span class='ocrx_word' id='word_1_367' title='bbox 616 2885 689 2922; x_wconf 76' lang='grc' dir='ltr'><em>τῶν</em></span> <span class='ocrx_word' id='word_1_368' title='bbox 712 2885 831 2922; x_wconf 81' lang='lat' dir='ltr'><strong>Rhod.</strong></span> 
     </span>
    </p>
   </div>
   <div class='ocr_carea' id='block_1_4' title="bbox 23 0 65 3346">
    <p class='ocr_par' dir='ltr' id='par_1_11' title="bbox 23 0 65 3346">
     <span class='ocr_line' id='line_1_48' title="bbox 23 0 65 3346; baseline 0 0"><span class='ocrx_word' id='word_1_369' title='bbox 23 0 65 3346; x_wconf 95' lang='lat' dir='ltr'><em> </em></span> 
     </span>
    </p>
   </div>
  </div>
 </body>
</html>
