1968 3346
381 230 683 277 EXGERPTA
715 229 1150 274 HOESCHELIANA
1178 232 1228 275 L.
1259 230 1370 274 XXI.
1555 238 1586 277 5
1643 257 1648 263 »

175 346 314 389 ταῦτα
343 342 596 416 ἐξέπεμψεν
607 342 747 387 αὐτὸν
775 342 846 386 ἐπὶ
865 341 915 386 τὸ
936 340 1248 394 στρατόπεδον.
1282 341 1455 397 γράψας
1483 345 1572 388 ἐπι·
1603 335 1659 377 35

177 401 338 470 στολὴν
371 403 440 446 ἐπὶ
468 403 548 445 τὸν
584 398 859 457 ’Λρχαγαθον
887 399 1118 452 προςέταξε
1148 399 1291 454 τούτῳ
1322 401 1574 454 παραδιδό-

174 475 251 502 ναι
290 457 368 509 τὰς
404 456 581 511 πεζικὰς
617 460 692 500 καὶ
736 455 947 506 ναυτικὰς
988 453 1211 509 δυνάμεις.
1249 445 1300 498 δι’
1348 457 1399 508 εἲς
1442 457 1464 501 ὁ
1491 459 1572 513 μὲν

172 514 443 586 Ἀρχάγαθος
474 514 593 568 ὅρων
622 515 704 569 τὴν
735 515 961 583 βασιλείαν
991 513 1050 562 εἰς
1081 512 1231 564 ἕτερον
1263 519 1569 568 καταντῶσαν,

173 570 441 628 ἀμφοτέροις
491 571 800 626 ἐπιβουλευσαι
853 569 1021 624 διέγνω
1070 568 1183 622 πρὸς
1224 572 1445 614 Μαί-ιωτα
1491 572 1572 616 τὸν

172 631 434 682 Αἰγεσταῖον
465 627 821 697 διαπεμψάμενος
861 627 1026 670 ἔπεισεν
1063 624 1230 668 ἀιελεΐν
1271 625 1349 668 τὸν
1388 630 1571 682 βασιλέα
1599 618 1653 661 40

173 686 247 729 δια
283 684 545 741 φαρμάκου,
585 681 719 734 αὐτὸς
751 685 796 727 δὲ
827 700 874 726 εν
904 701 992 726 τινι
1022 694 1142 740 νησῳ
1173 684 1338 725 θυσίαν
1378 685 1567 729 ἐπιτελέ-

171 754 272 794 σας,
313 742 388 784 καὶ
413 739 771 787 καταπλεύσαντα
802 739 881 783 τόν
920 739 1137 794 νεώτερον
1174 738 1439 793 Ἀγαθοκλέα
1478 759 1565 784 πα-

169 798 378 854 ραλαβών
408 797 523 852 πρός
553 814 631 852 την
661 797 871 854 εὐωχίαν,
918 797 1078 846 νυκτὸς
1108 798 1416 850 καταμεθύσας
1461 799 1565 842 α’πέ-

168 857 318 925 σφαξε.
350 859 432 898 τοῦ
463 855 509 898 δὲ
540 853 743 925 σώματος
773 855 1010 923 ῥιφθέντος
1041 855 1100 904 είς
1130 853 1208 908 τὴν
1237 853 1466 921 θάλασσαν
1492 858 1566 899 καὶ

167 911 280 983 πρὸς
307 912 386 968 τὴν
417 916 501 984 γῆν
530 910 618 954 ὑπὸ
650 916 731 954 τοῦ
762 911 1001 961 κλύδωνος,
1039 928 1162 961 επιγπ
1166 927 1287 960 οντες
1317 912 1431 961 τινες
1464 910 1563 956 ιΞπε-
1593 900 1648 944 45

165 969 357 1024 κόμισαν
395 971 454 1019 εἰς
486 968 762 1023 Συρακόσας.
809 967 832 1011 6
867 968 912 1011 δε
944 968 1146 1022 βασιλεὺς
1178 966 1345 1018 εἰωθώς
1373 970 1479 1022 μετὰ
1510 968 1558 1013 τὸ

167 1029 347 1070 δεῖπνον
377 1024 443 1069 ἀεὶ
473 1030 617 1095 πτερῷ
649 1027 1017 1078 διακαθαιρεσθαι
1057 1041 1160 1074 τους
1198 1024 1304 1073 οδοτ
1308 1041 1404 1077 τας,
1449 1043 1560 1070 απο-

166 1084 316 1134 λυθεὶς
343 1088 426 1127 τοῦ
457 1081 596 1127 πότου
626 1082 705 1125 τόν
735 1085 956 1125 Μαίνωνα
988 1081 1037 1125 τὸ
1070 1081 1231 1134 πτερὸν
1266 1080 1435 1152 ᾔτησεν.
1469 1082 1561 1127 εἶτα

165 1139 190 1185 ὁ
221 1140 301 1196 μὲν
330 1139 550 1210 φαρμάκῳ
582 1143 775 1209 σηπτικῷ
804 1141 958 1207 χρίσας
988 1136 1185 1185 απέδωκε
1190 1156 1228 1189 ν,
1267 1139 1289 1181 6
1324 1140 1369 1181 δὲ
1400 1139 1557 1195 χρηστέ-
1589 1142 1644 1184 50

163 1213 295 1269 μενος
326 1195 442 1252 αὐτῷ
473 1195 809 1252 φιλοτιμότερον
838 1195 910 1240 δια
953 1196 1032 1262 τὴν
1063 1195 1246 1267 ἄγνοιαν
1274 1195 1419 1251 ἥψατο
1449 1215 1556 1240 παν-

162 1254 352 1310 ταχόθεν
380 1258 456 1310 τῆς
485 1254 585 1307 περὶ
614 1254 720 1305 τοὺς
747 1252 933 1303 ὀδόντας
958 1252 1134 1324 σαρκός
1164 1271 1237 1296 και
1266 1258 1445 1306 πρῶτον
1475 1254 1556 1309 μὲν

162 1311 294 1357 πόνοι
325 1316 520 1366 συνεχεῖς
551 1310 752 1367 ἐγένοντο
782 1312 857 1355 καὶ
887 1308 995 1354 καθ’
1027 1309 1197 1380 ἡμέραν
1226 1309 1441 1361 ἐπιτασεις
1472 1311 1555 1355 αλ-

161 1367 381 1425 γηδόνων,
413 1368 556 1411 ε’πειτα
586 1368 822 1425 σηπεδόνες
856 1365 1028 1411 ανίατοι
1059 1367 1202 1436 πάντη
1233 1366 1337 1418 τοὺς
1368 1366 1554 1421 ὀδόντας

160 1431 391 1495 περιεῖχον.
430 1424 500 1468 ἐπὶ
541 1425 586 1469 δὲ
635 1429 712 1481 τῆς
755 1429 954 1481 τελευτῆς
998 1423 1231 1496 γενόμενος
1271 1425 1555 1498 ἐκκλησιάσας
1583 1426 1637 1469 55

160 1482 240 1528 τόν
267 1481 378 1526 λαόν
406 1482 678 1552 κατηγόρησε
707 1487 797 1551 τῆς
814 1482 1022 1553 ἀσεβείας
1046 1468 1355 1538 Ἀρχαγάθου,
1398 1484 1471 1525 καὶ
1498 1501 1554 1526 τα

159 1541 240 1611 μὲν
272 1537 421 1610 πλήθη
452 1539 683 1594 παρώξυνε
717 1538 827 1594 πρὸς
854 1539 945 1609 τήν
966 1538 1104 1582 αὐτοῦ
1134 1541 1370 1595 τιμωρίαν,
1412 1543 1474 1596 τῷ
1505 1541 1552 1584 δὲ

159 1597 284 1667 δήμῳ
308 1596 389 1652 τὴν
408 1598 714 1667 δημοκρατιαν
738 1597 899 1652 ε’φησεν
918 1595 1191 1639 ἀποδιδόναι
1223 1596 1328 1650 μετὰ
1348 1597 1391 1640 δὲ
1413 1601 1551 1643 ταῦτα

158 1655 239 1698 τόν
267 1621 447 1724 βασιλέα
478 1656 759 1709 διακείμενον
776 1654 976 1724 ἐσχάτως
994 1653 1076 1710 ἤδη
1104 1653 1344 1708 κατέθηκεν
1374 1654 1445 1697 ἐπι
1477 1659 1554 1710 τῆς
1580 1659 1633 1698 60

158 1716 303 1766 πυρᾶς
330 1709 560 1766 Ὀξύθεμις
590 1710 613 1754 6
651 1711 866 1780 πεμφθεὶς
893 1709 982 1755 ὑπὸ
1012 1712 1269 1766 Δημητρίου
1316 1714 1396 1753 τοῦ
1425 1714 1555 1765 βασι-

158 1767 290 1818 λέως,
320 1768 396 1811 καὶ
425 1767 694 1815 κατέκαυσεν
724 1766 832 1813 ὄντα
860 1769 940 1822 μὲν
971 1767 1169 1826 ε’μπνουν
1199 1784 1273 1819 ετι,
1304 1767 1376 1811 δια
1404 1768 1449 1811 δὲ
1471 1766 1553 1838 τήν

159 1824 357 1881 ἰδιότητα
384 1829 468 1894 τῆς
504 1825 605 1876 περὶ
633 1823 714 1880 τὴν
760 1823 979 1896 σηπεδόνα
1017 1828 1252 1881 συμφορᾶς
1283 1822 1336 1867 οὐ
1368 1824 1554 1879 δυνάμε-

157 1899 241 1927 νον
272 1879 429 1937 φωνὴν
466 1884 716 1936 προΐεσθαι.
781 1879 1051 1951 Ἀγαθοκλῆς
1089 1898 1168 1937 μεν
1206 1883 1435 1932 πλείστους
1475 1882 1552 1926 καὶ

158 1938 508 1989 ποικιλωτάτους
551 1937 723 1994 φόνους
754 1937 1105 1993 ἐπιτελεσαμενος
1149 1939 1259 1981 κατὰ
1296 1939 1376 1995 τὴν
1407 1942 1550 1982 δυναε-
1580 1939 1633 1979 65

158 1998 330 2047 στείαν,
366 1996 442 2039 καὶ
479 1999 534 2053 τῇ
574 1995 685 2039 κατὰ
721 2011 811 2039 των
851 1994 1095 2066 ὁμοφύλων
1126 1994 1315 2053 ωμότητι
1347 1996 1552 2050 προςθεὶς

156 2053 232 2097 καὶ
260 2052 341 2108 τὴν
371 2054 430 2104 εἰς
458 2052 593 2103 θεοὺς
623 2051 852 2108 ἀσέβειαν,
884 2052 1145 2107 πρέπουσαν
1175 2054 1358 2108 παρέσχε
1387 2071 1439 2111 τη
1470 2069 1550 2097 ποι-

157 2112 348 2183 ρανομίᾳ
384 2110 466 2165 τήν
505 2114 586 2153 τοῦ
627 2111 730 2165 βίου
770 2109 1104 2167 καταστροφήν,
1145 2097 1441 2162 δυναστεύσας
1471 2127 1553 2165 μεν

155 2184 227 2223 ετη
258 2154 340 2211 δύό
368 2171 458 2210 τῶν
496 2166 734 2222 τριάκοντα
776 2169 1011 2219 λείποντα,
1053 2165 1219 2223 βιώσας
1257 2167 1302 2212 δὲ
1333 2167 1413 2212 δύο
1443 2167 1556 2222 πρὸς

156 2230 249 2274 τοῖς
284 2223 586 2297 ἑβδομήκοντα
633 2224 728 2280 ε’τη,
774 2225 937 2297 καθώς
970 2227 1151 2279 Τίμαιος
1201 2223 1225 2269 ὁ
1268 2224 1552 2280 Συρακόσιος
1582 2233 1638 2272 70

156 2279 424 2351 συγγραφει,
457 2282 531 2325 καὶ
561 2283 755 2332 Καλλίας
779 2282 853 2326 καὶ
883 2279 1015 2333 αυτὸς
1043 2281 1378 2336 Συρακούσιος,
1409 2284 1549 2326 είκοσι

156 2336 240 2382 δύο
271 2340 454 2394 βίβλους
484 2337 756 2410 συγγραψας,
786 2340 860 2384 καὶ
876 2338 1190 2393 ’Ἀντανδρος“
1168 2357 1191 2382 ο
1214 2337 1406 2394 αδελφὸς
1431 2337 1550 2395 Ἀγα-

155 2397 374 2446 θοκλέους
401 2413 476 2440 και
506 2394 638 2447 αὐτὸς
673 2395 968 2469 συγγραφευς.
1011 2398 1054 2439 οἱ
1084 2396 1131 2439 δὲ
1161 2397 1439 2450 Συρακόσιοι
1472 2400 1550 2453 τῆς

156 2453 454 2513 δημοκρατίας
481 2451 685 2513 τυχόντες
711 2471 794 2516 την
818 2451 1140 2513 Ἀγαθοκλέους
1169 2452 1329 2503 οὐσίαν
1362 2453 1550 2510 ἐδήμευ-
1579 2453 1635 2492 75

155 2566 214 2601 36.
245 2564 367 2611 τούτῳ
391 2568 530 2610 Βῐιοᾱ.,
554 2570 690 2605 τοῦτον
714 2570 750 2603 Η
864 2568 923 2603 37.
948 2565 996 2602 δι’
1022 2565 1081 2614 ἃς]
1106 2567 1152 2603 δι’
1177 2564 1202 2604 οὶ
1221 2569 1472 2615 Wesselingius

155 2611 214 2646 38
240 2612 501 2660 ἐπιβουλεῦσαι
521 2616 654 2658 Βὴοᾱ.,
679 2615 859 2673 ἐπιβονλῆ
862 2627 923 2650 σαι
946 2617 983 2652 Η
1094 2616 1150 2650 39.
1176 2617 1241 2660 Αἰγ
1244 2620 1390 2651 εστ-αῖον
1415 2615 1547 2656 Rhod.⁷

157 2659 222 2703 Al2y
225 2664 348 2695 εταῖον
367 2661 405 2695 Η
520 2661 578 2696 41.
621 2660 826 2701 ἐπιτελέσας
850 2662 967 2696 Rhod.
977 2687 987 2702 ‚
1010 2630 1244 2703 ἐπιτελεύσας
1261 2664 1295 2696 Η
1410 2661 1468 2695 49.
1490 2673 1553 2696 σν-

156 2707 273 2752 πτικῷ
296 2706 445 2739 Wessel
449 2711 708 2756 ,στηπτικῶΗ
811 2708 870 2743 59.
891 2707 1187 2766 φιλοτιμότερον]
1215 2707 1553 2754 φιλοτιμωτερονΠ

156 2751 215 2785 57.
231 2741 441 2796 παρώξυνε]
470 2745 701 2809 παρόξυνεΗ
798 2752 919 2790 αὐτοῦ
936 2756 1068 2796 Rhod„
1088 2754 1208 2798 αὐτὴν
1227 2758 1264 2793 H
1356 2756 1415 2790 58.
1436 2759 1553 2799 δημο-

157 2799 328 2841 κρατίαν]
355 2797 626 2842 δημοκρᾰτειαν
650 2804 687 2836 11
796 2801 852 2837 65
886 2815 935 2846 πρ
941 2802 1089 2836 οἴεσθαι
1113 2802 1230 2836 Rhod.
1242 2829 1250 2840 ,
1278 2804 1481 2846 προεῖσθαι
1519 2803 1553 2835 11

157 2845 218 2880 69.
238 2844 325 2888 δύο]
336 2844 377 2900 β’
400 2847 435 2879 Η
451 2846 591 2901 ἑβδ.]’
573 2864 592 2887 0
609 2851 646 2883 fl
763 2848 822 2882 7⁰.
852 2816 1024 2893 Τι’ρμαιος]
1053 2852 1212 2892 Τιμαῖος
1234 2850 1270 2883 Π
1362 2849 1420 2884 ῖΙ.
1438 2850 1555 2885 εἴκοσι

297 2890 385 2938 δύο]
405 2892 458 2941 κβ’
484 2895 520 2928 H
619 2895 679 2932 74.
705 2896 969 2942 δημοκρατίας]
995 2896 1265 2943 δημοκρατείας
1288 2897 1324 2932 11
