1968 3346
208 219 294 258 220·
772 209 806 249 L
838 207 855 246 1
884 208 928 246 B.
985 204 1131 248 V1.-—
1155 204 1204 244 X.

234 334 459 378 Fragmenta
540 328 723 371 Excerpta
820 326 1005 367 Excerpta
1101 323 1282 365 Excerpta

546 384 726 418 Vaticana
857 380 976 415 Vrsini
1124 377 1260 412 Valerii

1399 438 1462 466 tur
1477 428 1658 479 [narratio
1678 442 1720 464 ex
1739 432 1764 465 1.

578 492 635 530 40.
663 498 694 530 1.
1402 489 1482 521 XII.
1495 488 1528 521 9.
1551 484 1764 534 anticipata]

1342 543 1523 579 Herodoti
1583 543 1768 578 mirabilia

576 605 634 642 40.
656 608 689 640 7.
1399 599 1578 634 narrandi
1607 610 1688 632 mos

1344 658 1580 692 Athenienses
1618 655 1768 689 Boeotis

1391 721 1428 747 et
1465 711 1769 748 Chalcidensibus

1398 770 1539 815 fugatis
1553 768 1771 803 Chalcidem

567 829 625 866 40.
647 833 701 865 13-
1400 832 1586 871 occupant

1345 885 1482 918 Persae
1535 883 1770 915 Graecorum

567 942 624 980 40.
647 945 704 979 22.
1402 938 1542 983 templa
1566 937 1772 971 incendunt

1347 995 1503 1031 Caribus
1529 994 1574 1027 de
1595 993 1728 1027 auxilio
1749 1005 1771 1027 a

1380 1051 1537 1087 Milesiis
1549 1056 1676 1083 contra
1684 1051 1771 1084 Per-

1389 1121 1447 1143 sas
1484 1107 1641 1153 petendo
1685 1117 1771 1150 per-

1384 1164 1621 1198 contantibus
1639 1174 1772 1196 oracu-

1377 1221 1460 1255 lum
1474 1220 1563 1267 quid
1572 1218 1771 1264 responde-

569 1285 625 1317 40.
649 1279 705 1316 24.
1388 1278 1440 1310 rit

1349 1329 1599 1382 [Graecorum
1625 1333 1664 1366 in
1687 1331 1771 1366 Asia

1405 1398 1533 1424 contra
1546 1393 1675 1425 Persas
1691 1389 1772 1422 foe-

577 1447 632 1483 41.
661 1455 689 1483 1.
1404 1444 1512 1495 dus?]

1343 1504 1551 1538 Hecataeus
1601 1503 1772 1538 Milesius

1406 1560 1455 1593 ad
1499 1560 1772 1604 Artaphernem

576 1618 632 1651 41.
659 1627 691 1651 ¹4.
1403 1617 1550 1662 legatus
1578 1616 1710 1650 missus

1346 1674 1458 1708 Datis
1479 1673 1704 1718 legationem
1723 1672 1772 1706 A-

1402 1730 1555 1773 thenas,
1586 1735 1629 1763 ut
1655 1729 1772 1764 Persis

569 1784 624 1820 41.
651 1787 704 1819 ⁴28.
1403 1798 1440 1820 se
1451 1786 1641 1828 dederent,
1655 1785 1773 1819 mittit

1345 1844 1591 1888 Hippocrates
1604 1842 1773 1876 Gelensi-

1403 1911 1469 1933 um
1477 1905 1655 1945 tyrannus
1664 1900 1771 1944 Syra-

1124 1959 1203 1992 558.
1227 1957 1260 1991 1.
1405 1967 1507 1990 cusas
1529 1961 1689 2000 occupat

1116 2015 1197 2049 558.
1220 2014 1275 2049 15.
1348 2015 1476 2049 Thero
1507 2012 1772 2058 Agrigentinus

1345 2070 1528 2113 GeloSyra
1535 2079 1691 2101 cusanus
1701 2079 1772 2112 pu-

1404 2137 1445 2159 er
1458 2137 1574 2170 quum
1586 2130 1689 2168 esset,
1699 2123 1772 2157 mi-

265 2200 425 2233 XXXN,
1403 2182 1572 2215 rabiliter
1606 2187 1772 2215 servatus

1349 2239 1485 2273 Cimon
1500 2250 1587 2270 cum
1601 2237 1771 2282 Elpinice

1407 2306 1532 2328 sorore
1566 2293 1777 2327 consuescit

278 2370 419 2402 XXXV
1344 2351 1663 2387 CimonMiltiadis
1674 2349 1757 2383 mul·
1765 2371 1773 2377 -

1113 2408 1191 2443 559.
1217 2407 1271 2441 19.
1403 2415 1502 2441 ctam
1518 2408 1558 2441 in
1580 2419 1618 2441 se
1639 2405 1771 2450 recipit

1344 2464 1611 2500 Themistocles
1643 2463 1769 2497 Cimo-

1387 2533 1474 2554 nem
1521 2520 1634 2554 divite
1680 2530 1770 2554 uxo-

1391 2588 1434 2611 re
1462 2577 1661 2610 conciliata
1687 2575 1770 2610 vin-

569 2634 625 2670 42.
651 2635 705 2668 16.
1392 2633 1484 2666 culis
1505 2634 1640 2667 liberat

1347 2692 1581 2726 Graecorum
1598 2689 1644 2722 ad
1657 2690 1770 2723 Gelo-

1405 2758 1490 2780 nem
1502 2746 1640 2791 legatio
1650 2746 1694 2780 de
1705 2758 1770 2780 au·

266 2802 423 2836 xxxvl.
511 2800 566 2840 42.
588 2801 762 2838 25.-44.
1399 2802 1487 2836 xilio
1506 2808 1635 2836 contra
1648 2805 1770 2837 Persas
