1968 3346
844 653 898 698 L.
975 613 1296 696 xx'xs
1537 652 1554 672 ²
1676 614 1810 709 '582

455 797 555 841 Ὅτι
584 793 609 841 6
642 795 838 850 Περσεύς
868 795 929 847 εἰς
966 794 1016 838 τὸ
1045 789 1279 850 κατάγειον
1299 793 1540 864 ἐμβληθεὶς
1579 794 1742 848 οἴκημα

267 861 323 903 45
353 855 443 898 ἐκεῖ
477 854 532 898 ἂν
561 854 821 906 κατέστρεψε
850 851 929 896 τὸν
967 853 1087 908 βίον,
1131 853 1166 895 εἰ
1198 851 1258 907 μή
1287 848 1312 894 6
1342 852 1542 905 Αἰμίλιος
1569 864 1741 903 προκα-

351 910 546 982 θήμενος
585 913 668 953 τοῦ
710 911 1032 966 βουλευτηρίου
1089 907 1165 952 καὶ
1218 910 1366 962 τηρῶν
1403 906 1454 951 τὸ
1490 910 1566 964 τῆ
1564 909 1742 964 βουλῆς

352 968 521 1022 ἀξίωμα
553 975 636 1012 etc.
663 982 775 1022 quae
803 967 1016 1035 leguntm
1045 981 1092 1022 p·
1119 971 1216 1010 516.
1237 970 1306 1009 63.
1335 979 1425 1019 seq.

454 1025 554 1068 Ὀτι
584 1021 609 1067 6
639 1026 728 1066 τῶν
758 1021 998 1078 βαρβαρων
1027 1024 1240 1065 Γαλατῶν
1272 1019 1516 1089 στρατηγὸς
1545 1017 1630 1063 από
1660 1023 1743 1064 τοῦ

265 1089 322 1131 50
351 1085 558 1152 διωγμοῦ
577 1079 811 1150 γενόμενος
850 1080 923 1123 καὶ
964 1079 1265 1150 συναθροίσας
1301 1076 1406 1128 τούς
1438 1074 1744 1132 αἰχμαλώτους

348 1143 510 1194 πρᾶξιν
541 1136 813 1181 ἐπετελέσατο
844 1134 1121 1192 βαρβαρικὴν
1150 1134 1226 1177 καὶ
1254 1137 1478 1185 παντελῶς
1519 1133 1577 1177 ὑπ
1594 1133 1743 1189 ρήφα-

348 1213 441 1240 νον
472 1195 577 1245 τούς
605 1210 650 1237 τε
671 1192 755 1250 γὰρ
786 1194 1049 1264 τοῖςῑείδεσι
1051 1193 1317 1241 καλλίστους
1338 1191 1413 1234 καὶ
1441 1194 1559 1241 ταῖς
1579 1193 1745 1242 λικίαις

350 1251 670 1319 ἄκμαιοτατους
711 1249 983 1301 καταστέψας
1019 1249 1150 1292 ἔθυσε
1186 1253 1279 1297 τοῖς
1317 1252 1464 1299 θεοῖς,
1518 1248 1558 1290 εί
1591 1248 1641 1302 γε’
1680 1264 1745 1299 τις

349 1313 440 1352 τῶν
469 1312 591 1354 θεῶν
625 1307 792 1376 δέχεται
820 1305 896 1358 τὰς
934 1305 1142 1356 τοιαύτας
1179 1318 1329 1376 τιμας·
1368 1303 1475 1355 τούς
1504 1303 1552 1348 δὲ
1586 1304 1746 1355 ἄλλους

266 1369 322 1412 55
352 1366 521 1415 πάντας
557 1362 867 1433 κατηκόντισε,
907 1366 1084 1406 πολλῶν
1111 1362 1191 1417 μὲν
1229 1361 1277 1405 έν
1308 1359 1458 1409 αὐτοῖς
1485 1377 1540 1415 γν
1543 1361 1747 1430 ωριζομέ-

347 1439 441 1466 νων
471 1422 545 1466 δια
572 1437 651 1471 τας
680 1418 1054 1491 προγεγενημένας
1084 1417 1365 1471 έπιξενώσεις,
1394 1415 1580 1490 οὐδενὸς
1599 1418 1645 1461 δὲ
1672 1418 1746 1462 διὰ

347 1479 429 1535 τήν
460 1478 613 1551 φιλίαν
642 1475 911 1532 ἐλεουμένου.
955 1476 1028 1518 καὶ
1058 1474 1320 1544 θαυμαστὸν
1350 1472 1482 1517 οὐδὲν
1513 1477 1550 1517 εἰ.
1579 1475 1745 1547 βάρβα-

347 1553 421 1590 ροι
450 1533 559 1590 παρ’
589 1535 767 1584 ἐλπίδας
806 1531 1169 1585 κατορθώσαντες
1197 1531 1309 1585 νπὲρ
1341 1530 1585 1586 ἄνθρωπον
1614 1532 1744 1590 ἐχρή-

347 1604 481 1636 σαντο
512 1597 604 1642 τοῖς
634 1589 892 1659 εὐτυχήμασ
883 1606 937 1632 ν.

266 1656 322 1700 60
455 1648 554 1692 Ὀτι
585 1649 608 1691 6
640 1646 848 1703 Εὐμένης
877 1644 1165 1700 ξενολογήσας
1200 1642 1253 1687 τά
1283 1658 1328 1687 τε
1368 1640 1542 1694 ὀψώνια
1579 1642 1745 1686 απασιν

351 1705 551 1750 απέδωκε
579 1705 654 1749 καὶ
683 1707 870 1772 δωρεαῖς
904 1703 1079 1771 ἐτίμησε
1104 1702 1177 1744 καὶ
1218 1701 1488 1770 ἐπαγγελίαις
1501 1698 1747 1769 ἐψυχαγω-

351 1779 419 1819 γει
448 1778 637 1812 παντας,
683 1758 1004 1813 ἐκκαλούμενος
1030 1757 1112 1814 τὴν
1142 1756 1345 1807 εὔνοιαν,
1378 1754 1461 1811 οὐχ
1491 1753 1654 1811 ὁμοίως
1682 1762 1745 1815 τῶ

353 1824 525 1874 Περσεῖ,
557 1818 721 1867 ἐκεῖνος
748 1815 831 1871 γὰρ
864 1817 1105 1885 διςμυρίων
1135 1817 1347 1858 Γαλατῶν
1376 1814 1747 1882 παραγενομένων

267 1883 320 1926 65
353 1879 412 1927 εἰς
444 1876 522 1919 τὸν
552 1873 664 1929 πρὸς
689 1872 932 1928 Ρωμαίους
961 1871 1179 1927 πόλεμον,
1225 1868 1491 1924 απετρίψατο
1522 1868 1603 1925 τήν
1631 1875 1748 1924 τηλι-

348 1932 516 1987 καύτην
547 1931 820 1987 συμμαχίαν,
867 1931 940 1972 ἵνα
980 1931 1185 1984 φείσηται
1223 1931 1312 1969 τῶν
1341 1925 1598 1982 χρημάτων·
1645 1926 1669 1970 ὁ
1701 1925 1747 1971 δ’

348 1989 553 2059 Εὐμένης
584 1988 640 2032 οὐ
671 1990 770 2030 λίαν
809 1984 1137 2054 εὐπορούμενος
1167 1985 1412 2038 ξενολογῶν
1444 1985 1629 2036 δωρεαῖς
1657 1984 1749 2027 ἐτί-

348 2064 409 2102 μα
438 2063 544 2097 τους
577 2044 869 2112 δυναμένους
882 2042 1069 2099 μαλιστα
1098 2043 1244 2110 χρείας
1265 2039 1543 2108 παρέχεσθαι.
1575 2056 1748 2113 τοιγαρ-

351 2108 434 2146 οῦν
476 2102 642 2153 ἐκεῖνος
683 2117 764 2155 μεν
815 2097 870 2142 οὐ
921 2098 1152 2169 βασιλικὴν
1199 2094 1601 2166 μεγαλοφροσύνην
1646 2096 1744 2142 ἀλλ’

269 2170 323 2209 70
355 2159 581 2215 ἰδιωτικὴν
611 2161 691 2201 τοῦ
721 2156 928 2225 τυχόντος
968 2153 1206 2209 αναλαβῶν
1246 2154 1544 2223 μικροψυχίαν
1573 2151 1662 2207 ἅμα
1691 2158 1747 2210 τῇ

354 2218 552 2274 βασιλεία
590 2214 708 2274 πάσι]
745 2213 818 2256 καὶ
856 2211 937 2256 τόν
975 2211 1221 2284 τηρηθέντα
1260 2213 1457 2253 πλοῦτον
1485 2209 1653 2253 ἐπεῖδεν
1684 2214 1745 2253 αἰ-

353 2274 604 2328 χμάλωτον,
639 2274 769 2321 οὐτος
799 2269 845 2313 δε
874 2272 951 2328 τῆς
980 2270 1105 2337 νίκης
1132 2265 1277 2311 πάντα
1308 2264 1489 2320 δεύτερα
1518 2267 1748 2320 τιθέμενος

355 2338 409 2373 ου’
441 2331 584 2383 μόνον
614 2345 661 2371 εκ
691 2326 893 2398 μεγάλων
922 2324 1147 2368 κινδύνων
1167 2322 1383 2393 ἐῤῥύσατο
1408 2339 1488 2378 την
1507 2325 1746 2395 βασιλείαν,

267 2397 320 2439 75
353 2385 458 2429 αλλ
437 2404 463 2429 α
492 2387 567 2430 καὶ
595 2388 685 2428 πᾶν
714 2383 764 2428 τὸ
795 2386 886 2426 τῶν
915 2385 1128 2428 Γαλατῶν
1158 2381 1289 2431 ε’θνος
1317 2378 1569 2436 ὑποχείριον
1597 2380 1746 2439 ἐποιή-

352 2455 468 2487 σατο

454 2498 551 2542 ’Ότι
582 2497 694 2540 ἔνιαι
723 2499 812 2539 τῶν
842 2495 1061 2565 ἐπιβολῶν
1088 2496 1170 2537 τοῦ
1195 2490 1418 2551 Ἀντιόχον
1440 2493 1515 2536 καὶ
1533 2496 1622 2536 τῶν
1639 2493 1748 2548 πρά-

352 2559 460 2606 ξεων
490 2553 712 2623 βασιλικαὶ
741 2552 814 2595 καὶ
846 2550 1094 2606 θαυμάσιαι
1123 2548 1274 2599 τελέως
1302 2551 1429 2620 ἦσαν,
1463 2565 1578 2600 τινες
1599 2549 1644 2593 δὲ
1666 2549 1745 2594 ποὲ-

351 2618 422 2655 λιν
465 2612 605 2661 οὕτως
643 2609 828 2659 εὐτελεῖς
868 2608 942 2651 καὶ
985 2605 1196 2663 ληρώδεις
1233 2604 1342 2656 ὥςθ’
1384 2603 1630 2676 ὁλοσχερῶς
1657 2605 1746 2650 ὑπὸ

271 2680 324 2721 80
354 2685 533 2713 παντων
573 2669 964 2723 καταφρονεῖσθαι.
1024 2667 1247 2708 συντελῶν
1292 2661 1378 2718 γάρ
1428 2662 1532 2715 τοὺς
1570 2661 1745 2720 ἀγῶνας

446 2791 526 2832 582.
552 2792 608 2834 53.
634 2789 866 2836 καταστέψας
898 2789 1078 2832 Valesius,
1113 2785 1369 2837 καταστρέψας
1393 2787 1425 2827 V
