1968 3346
361 236 660 282 EXCERPTA
691 234 980 279 VATICANA
1008 237 1056 277 L.
1075 235 1299 279 VIL—x.
1471 241 1527 281 13

257 352 372 392 XIII.
410 348 513 392 ι’Ότι
546 347 812 416 Ἀντίφημος
848 347 923 390 καὶ
940 347 1143 401 ’Έντιμος
1180 348 1226 391 οἱ
1255 348 1397 391 Γέλαν
1431 351 1526 392 κτί-

145 415 296 458 σαντες
323 402 559 476 ἠρώτησαν
586 403 666 459 τὴν
697 405 901 455 Πυθίαν,
931 404 1006 446 καὶ
1035 404 1185 475 ἔχρησε
1214 409 1374 458 ταῦτα,

217 463 392 518 ’Έντιμε
420 462 494 505 καὶ
523 460 763 513 Κράτωνος
792 459 1001 516 ἀγακλέος
1029 460 1096 502 υἱὲ
1127 463 1344 516 δαΐφρον,

226 505 430 569 ἐλθόντες
458 516 647 572 Σικελὴν
675 516 825 585 χθόνα
849 517 1024 560 ναίετον
1053 513 1208 572 ἄμφω,

231 575 482 644 δειμάμενοι
501 575 774 643 πτολίεθρον
802 572 919 628 ὁμοῦ
945 571 1135 642 Κρητῶν
1159 573 1341 616 Ροδίων
1369 590 1415 617 τε
1560 585 1586 622 5

227 629 316 686 πὰρ
347 628 538 686 προχοὰς
562 634 777 686 ποταμοῖο
808 630 922 672 Γέλα
952 627 1279 685 συνομώνυμον
1308 628 1459 686 αγνόν.

244 711 343 754 Ὀτι
373 711 419 753 οἱ
446 725 494 752 εκ
523 712 600 778 τῆς
628 707 809 765 δεκάτης
833 706 1113 759 ανατεθέντες
1134 712 1364 762 Χαλκιδεῖς
1383 714 1526 768 ηλθον

143 767 406 840 χρησόμενοι
438 766 535 819 περὶ
564 764 785 816 ἀποικίας,
815 766 889 808 καὶ
920 764 1061 808 οἷνεῖλε

223 823 396 896 Ἀψιδίη
429 821 629 875 ποταμόν
659 820 896 892 ἱερωτάτην
926 823 987 872 εἰς
1016 821 1100 864 α’λα
1129 823 1324 874 πίπτειν,

142 900 157 926 ε.
228 879 324 924 ἐνθ’
356 882 456 923 εἴσω
486 879 691 934 βάλλοντι
719 878 798 921 τόν
826 877 989 932 α’ρσενα
1017 883 1155 931 θῆλυς
1185 878 1349 930 ὀπυίει,
1532 897 1585 934 10

228 938 338 980 ε’νθα
366 935 495 979 πόλιν
525 937 677 986 οἴκιζε,
711 937 830 977 διδοῖ
853 935 899 977 δέ
931 946 977 978 σε
1007 935 1190 979 Αὔσονα
1219 952 1382 990 χωραν.

89 1004 134 1039 12
147 995 190 1037 οἵ
219 994 266 1038 δὲ
294 993 404 1038 κατὰ
431 991 511 1035 τόν
537 990 690 1043 Ἀψίαν
718 992 917 1048 ποταμὸν
952 990 1154 1046 εὑρόντες
1192 991 1388 1048 α’μπελον
1415 1008 1530 1048 περι-

281 1108 336 1142 13.
359 1107 394 1141 3.
428 1101 604 1161 ’Ἐντιμος
623 1103 686 1139 καὶ
707 1102 917 1148 Κράτωνος]
953 1102 1402 1152 cod.fortasse’'Evt1pog
1427 1105 1524 1154 Κρά-

188 1165 315 1193 τωνος.
345 1152 450 1185 MAI.
477 1156 529 1185 An
544 1148 692 1194 „Ma
703 1149 771 1195 η’δὲ
789 1150 1020 1196 Κράτωνος.)

281 1199 336 1233 13.
363 1199 396 1233 3.
434 1191 612 1242 δαΐφρον]
640 1197 815 1241 δαΐφρων
840 1199 895 1232 ed.
920 1200 1023 1233 Rom.

283 1245 337 1279 13.
362 1242 396 1278 4.
431 1247 560 1279 Versus
587 1245 675 1287 pede
699 1246 824 1278 minor.

282 1291 336 1325 13.
363 1290 397 1323 5.
429 1290 667 1333 πτολίεθρον]
693 1292 838 1345 incipit
843 1289 973 1323 codicis
998 1302 1033 1334 p.
1049 1284 1132 1324 208.

283 1337 338 1371 13.
364 1338 397 1372 6.
428 1334 714 1391 συνομωνυμον]
740 1334 957 1379 συνώνυμον
982 1336 1036 1370 ed.
1056 1338 1159 1370 Rom.

282 1383 337 1416 13.
361 1384 395 1416 6.
422 1379 545 1426 αγνόν]
575 1378 690 1426 ἁγνόν
715 1384 768 1415 ed.
794 1385 892 1416 Rom.

286 1428 342 1462 13.
366 1429 400 1462 9.
430 1427 592 1472 ἩΑψιδιη]
617 1432 670 1462 Ita
694 1429 798 1468 Cod.;
833 1436 906 1461 tum
932 1435 967 1461 et
991 1428 1058 1460 alia
1082 1427 1208 1461 menda
1231 1427 1269 1461 in
1291 1428 1359 1461 hoc
1384 1428 1529 1463 oraculo

192 1482 285 1517 sunt,
305 1475 341 1507 in
363 1475 486 1519 quibus
499 1475 715 1518 corrigendis
731 1475 916 1518 mihiaqua
929 1474 1108 1506 haerebat.
1132 1473 1228 1506 MAI.
1254 1475 1388 1508 Pendet
1407 1487 1531 1508 emen-

190 1520 287 1555 datio
313 1521 355 1554 ab
379 1524 543 1553 restituto
568 1533 651 1553 vero
683 1521 796 1564 ignoti
828 1521 978 1553 fluminis
1004 1520 1167 1552 nomine:
1205 1527 1341 1553 caetera
1368 1521 1418 1553 sic
1441 1533 1531 1564 pos-

192 1574 274 1599 sunt
297 1567 446 1606 tentari‚
478 1564 648 1608 ποταμὸν
678 1568 733 1599 vel
756 1566 934 1609 ποταμῶν
960 1561 1157 1608 ἶερωτατον
1190 1566 1244 1605 εἷς
1276 1561 1348 1600 (ἔλα
1371 1566 1530 1609 πίπτειν,

194 1613 224 1645 si
249 1625 331 1645 suae
355 1613 506 1646 urationi
530 1613 617 1645 haec
641 1614 920 1647 accommodavit
944 1614 1115 1656 scriptor,
1141 1612 1195 1645 sin
1218 1613 1356 1653 minus,
1382 1610 1533 1656 ἱερώτα-

191 1669 255 1698 τος
277 1677 322 1682 -—-
347 1658 484 1692 πίπτει.

285 1704 340 1738 13.
371 1704 426 1738 10.
449 1700 587 1747 ὀπυίει]
616 1703 700 1738 cod.
728 1699 872 1747 ὄπαρεῖ.
896 1705 1010 1744 ΜΑΙ.,
1037 1703 1095 1748 qui
1120 1703 1280 1747 reposuit
1305 1698 1444 1744 ὀπάζει.

286 1751 342 1784 13.
370 1752 424 1784 11.
460 1750 578 1792 διδοῖ]
609 1750 665 1782 Ita
691 1751 768 1784 cod.
791 1750 890 1785 MAI.
922 1752 989 1784 Pro
1014 1759 1053 1783 σε
1077 1749 1297 1783 scribendum
1323 1751 1390 1784 erit
1411 1757 1451 1784 τε
1475 1751 1533 1785 vel

193 1805 273 1840 τοι,
299 1797 330 1830 si
352 1808 473 1830 sanum
497 1804 550 1830 est
572 1796 685 1830 διδοῖ.

239 1908 354 1944 13.1.
397 1908 514 1945 Γέλαν
537 1909 739 1952 κτίσαντες]
774 1906 984 1952 Olympiade
1006 1902 1146 1949 XXIII,
1177 1910 1217 1942 ut
1246 1910 1338 1942 certe
1361 1911 1412 1942 est
1435 1907 1532 1951 apud

145 1956 341 1990 Eusebium
359 1956 410 1988 ed.
430 1956 573 1989 Mediol.
622 1958 676 1989 De
692 1955 901 1998 Antiphemo
917 1955 1094 1988 conditore
1112 1955 1221 1988 Gelae
1239 1955 1439 1988 Herodotus
1451 1955 1529 1987 vll.

147 2002 237 2043 153,
271 2003 468 2036 Athenaeus
485 2003 559 2038 VII.
585 2001 651 2043 51,
685 2001 877 2035 Pausanias
895 2001 984 2034 ΙΙ.ΙΙ
1010 2001 1077 2042 46,
1114 2004 1151 2034 ut
1174 2000 1307 2034 iamdiu
1330 2000 1533 2034 observavit

145 2059 294 2102 magnus
318 2049 477 2092 Scaliger
500 2049 545 2082 ad
567 2049 637 2081 Eus
641 2049 694 2081 eb.
719 2059 774 2081 an.
800 2047 1000 2080 Mcccxb.
1035 2048 1080 2080 Et
1104 2045 1242 2089 quidem
1259 2046 1403 2080 Pindari
1426 2046 1532 2079 scho-

144 2094 263 2128 liastes
298 2095 342 2127 ab
378 2096 500 2128 eodem
532 2089 656 2127 citatus
691 2094 822 2136 olymp.
850 2093 894 2126 II.
931 2095 986 2126 16.
1021 2093 1173 2135 appellat
1207 2104 1287 2126 cum
1319 2092 1532 2135 Antiphemo

145 2140 254 2174 etiam
287 2141 475 2174 Entimum.
523 2140 618 2172 Tum
652 2139 885 2173 Aristaenetus
916 2139 1009 2182 apud
1041 2138 1160 2181 Steph
1193 2139 1273 2182 ΙῃΖ.
1307 2149 1386 2171 voc.
1423 2137 1532 2179 Γέλα,

147 2186 306 2219 meminit
333 2186 486 2226 oraculi,
509 2186 568 2218 sed
592 2185 721 2219 diversi
743 2186 787 2218 ab
811 2185 879 2217 hoc
903 2185 993 2228 quod
1018 2185 1140 2217 scribit
1162 2184 1346 2218 Diodorus.
1394 2183 1533 2217 Oracu-

146 2233 221 2266 lum
242 2233 419 2287 quoddam
440 2244 462 2266 a
483 2231 672 2265 scholiasta
695 2242 831 2274 qnoque
854 2229 1049 2274 praedicto
1053 2234 1278 2263 memoratur.
1311 2229 1408 2263 MAI.

240 2278 296 2312 13.
321 2277 355 2313 5.
402 2275 499 2322 ὁμοῦ
525 2278 680 2321 Κρητῶν
706 2276 861 2311 Ῥοδίων
894 2278 947 2319 τε]
983 2270 1077 2319 Quia
1114 2271 1342 2318 Antiphemus
1375 2274 1534 2316 rhodius,

147 2323 306 2358 Eutimus
328 2335 402 2358 cres
425 2327 519 2364 erat,
544 2328 594 2357 tes
597 2329 630 2358 te
654 2323 832 2367 praedicto
855 2322 1000 2355 Pindari
1022 2321 1220 2354 scholiasta.
1256 2321 1353 2354 MAI.

241 2369 379 2403 13.11.
412 2369 606 2411 Quominus
628 2369 708 2402 heic
735 2369 778 2402 de
800 2368 932 2412 Rhegii
956 2367 1196 2401 aedificatione
1219 2378 1333 2400 sermo
1357 2367 1440 2408 fiat,
1464 2377 1534 2400 non

149 2415 232 2450 sinit
262 2422 320 2448 me
350 2415 508 2449 dubitare
529 2415 658 2449 Strabo
681 2415 739 2449 u.
764 2424 839 2458 cap.
863 2415 889 2447 1.
916 2414 948 2448 6.
981 2415 1113 2457 κτίσμα
1138 2410 1176 2447 δ’
1213 2411 1288 2447 ἐστὶ
1321 2410 1362 2446 τὰ
1386 2408 1534 2468 Ρήγιον

151 2459 385 2502 Χαλκιδέων,
428 2474 493 2500 ους
527 2473 622 2495 κατα
650 2472 819 2517 χρησμον
847 2460 1138 2499 δεκατευθέντας
1171 2459 1222 2505 τῷ
1251 2457 1444 2493 Ἀπόλλωνι
1474 2455 1532 2492 δι’

151 2505 336 2552 αφοριᾋαν
373 2503 527 2552 ὕστερον
554 2505 592 2541 ἐκ
612 2508 769 2550 Δελφῶν
797 2504 998 2551 αποικῆσαι
1024 2508 1134 2548 δεῦρο
1163 2495 1275 2549 φασί.·
1311 2506 1485 2549 Rhegium
1511 2515 1536 2537 a

152 2554 431 2588 Chalcidensibus
449 2553 621 2586 conditum
643 2558 711 2594 est,
733 2553 792 2597 qui
810 2564 924 2596 quum,
944 2553 1171 2586 decimatione
1192 2551 1324 2584 oraculi
1341 2551 1434 2583 iussu
1452 2562 1535 2594 pcr-

151 2607 245 2641 acta,
268 2600 417 2642 Apollini
432 2604 574 2643 propter
590 2610 755 2642 agrorum
768 2600 988 2632 sterilitatem
1008 2598 1196 2631 consecrati
1215 2608 1248 2630 es
1235 2601 1335 2633 &sent
1355 2608 1392 2628 eo
1410 2597 1535 2629 deinde

151 2647 294 2690 Delphis
334 2647 576 2689 commigrasse
600 2648 777 2687 seruntur
825 2644 919 2676 Tum
951 2645 1035 2677 huic
1064 2644 1206 2676 oraculo
1231 2641 1360 2674 similia
1392 2654 1492 2685 proi
1478 2653 1536 2674 sus

149 2696 336 2727 narrantur
359 2691 392 2723 in
417 2691 578 2734 Dionysii
601 2692 673 2724 hal.
707 2689 911 2735 fragmentis
936 2701 957 2723 a
989 2701 1047 2722 me
1077 2687 1269 2722 Mediolani
1302 2687 1403 2745 cdi'tis
1426 2687 1534 2721 ΧΗΙ.

151 2739 196 2777 3,
220 2738 279 2772 ubi
303 2748 411 2779 aeque
434 2738 476 2770 (le
499 2737 632 2780 Rhegfi
654 2737 795 2769 conditu
818 2737 927 2769 xerba
943 2736 1051 2775 fiunt3
1081 2745 1164 2768 nam
1189 2738 1223 2766 et
1245 2732 1296 2765 ibi
1321 2730 1409 2776 ἅρρ
1398 2745 1432 2767 ν
1458 2729 1533 2767 υπὸ

151 2787 217 2841 τῆς
234 2784 388 2839 θηλείας
414 2780 656 2823 ὠνυισμένος,
683 2786 716 2815 et
734 2781 810 2825 ἔριν
813 2781 872 2821 εὸς
887 2786 921 2815 et
940 2760 1099 2825 ἄμπελος
1122 2784 1156 2813 et
1180 2777 1399 2821 πρόςφυσις.
1433 2779 1472 2811 Μ
1476 2779 1532 2812 ss

152 2828 382 2874 ὥπυισμένος
405 2830 495 2872 apud
511 2828 626 2872 Dion)
628 2828 718 2861 sium
742 2828 961 2861 scribendum
975 2839 1050 2861 esse
1073 2831 1106 2860 et
1128 2825 1232 2870 ipset
1221 2826 1340 2859 Maius
1365 2825 1535 2860 intellexit

153 2878 204 2911 od.
230 2879 412 2911 Romanae
435 2887 468 2919 p.
490 2874 570 2909 502.
594 2878 629 2909 et
650 2878 731 2909 ante
751 2884 833 2908 eum
855 2873 929 2911 alii.
