1968 3346
490 187 547 226 τε
615 179 919 222 EXCERPTA
946 179 1019 224 ,ΒΕ
1049 179 1202 222 vm'r.
1229 181 1306 223 ΕΤ
1337 181 1448 224 vn*⁸
1474 183 1525 229 1,
1555 150 1754 227 v1.,;-x

490 295 659 367 μίμων,
705 290 778 334 καὶ
819 286 931 345 πρὸς
969 288 1146 347 τρυφὴν
1185 291 1260 334 καὶ
1297 288 1524 349 ῥαθυμίαν
1560 292 1880 349 ἀποκλίνοντες,
1931 312 1968 348 .·

488 351 552 393 ἔτι
591 349 638 392 δὲ
675 348 994 419 διαφθαρέντες
1039 349 1273 417 νομίσματι
1310 353 1504 405 χρῆσθαι
1534 349 1623 395 ’καὶ
1660 353 1881 416 πλούτους
1945 349 1968 367 ”

490 405 738 477 ἀθροίζειν,
768 403 991 457 ἀπέβαλον
1018 402 1100 460 τήν
1127 404 1382 460 ἡγεμονίαν.

592 459 691 505 *Ὅτι
719 465 806 504 τῶν
832 459 1012 504 Ἠλείων
1036 461 1469 530 πολυανδρουμένων
1493 460 1570 507 καὶ
1586 464 1787 533 νομίμως
1805 481 1881 511 πο-
1930 492 1932 494 -
1957 475 1961 481 ’

489 518 779 575 λιτευομένων
799 516 1060 586 ὑφορᾶσθαι
1080 516 1185 568 τούς
1194 521 1585 588 Λακεδαιμονίους
1606 522 1688 593 τήν
1710 521 1881 567 τούτων
1923 560 1929 565 ,

404 582 460 622 80
488 576 691 648 αὔξησιν,
724 572 1129 643 συγκατασκευάσαι
1157 572 1236 618 τὸν
1264 574 1427 619 κοινὸν
1446 577 1567 631 βίον,
1609 576 1672 621 ἴ’ν
1707 578 1883 650 εἰρήνης

489 631 786 682 ἀπολαύοντες
813 632 1027 701 μηδεμίαν
1056 630 1211 686 ἔχωσιν
1246 630 1498 701 ἐμπειρίαν
1492 637 1591 677 τῶν
1618 633 1729 678 κατὰ
1758 635 1881 680 πόλε-
1923 654 1937 665 ’

487 706 574 759 μον
605 690 756 744 ἐργων.
795 689 870 730 καὶ
899 687 1182 755 καθιέρωσαν
1223 687 1388 739 αὐτοὺς
1425 693 1487 747 τῷ
1524 691 1624 763 θεῷ
1660 702 1880 764 συγχωρη-
1926 736 1929 740 ,

488 746 661 790 σάντων
711 744 865 799 σχεδὸν
904 758 1112 786 απαντων
1159 760 1249 787 των
1279 735 1508 800 Ἑλλήνων
1554 736 1630 790 καὶ
1672 747 1774 791 οὔτε
1811 749 1881 792 ἐπὶ
1928 747 1929 750 “

403 806 457 849 85
487 808 565 872 τῆς
595 802 763 856 Ξέρξου
796 801 1019 853 στρατείας
1049 799 1446 855 συνεστρατευσαν,
1489 800 1600 846 ἀλλὰ
1627 801 1880 875 οἷφείθησαν

485 859 557 904 δια
586 861 635 902 τὸ
669 859 980 926 ἐπιμελεῖσθαι
994 859 1070 911 τῆς
1097 861 1178 900 τοῦ
1201 861 1313 900 θεοῦ
1341 861 1488 914 τιμῆς,
1519 860 1581 902 ἔτι
1607 861 1654 903 δε
1683 862 1757 905 καὶ
1787 857 1877 905 κατ’

484 918 603 960 ἐδίαν
641 915 688 958 ἐν
726 918 819 964 τοῖς
856 917 945 956 τῶν
969 911 1188 981 Ἑλλήνων
1218 913 1448 986 ἐμφυλίοις
1487 915 1695 986 πολέμοις
1733 916 1879 969 οὐδεὶς
1934 959 1942 969 ,

483 971 651 1023 αὐτούς
687 968 965 1038 παρηνόχλει
992 968 1067 1012 δια
1109 970 1158 1013 τὸ
1195 986 1362 1022 παντας
1400 971 1479 1026 τήν
1518 988 1667 1042 χωραν
1695 974 1769 1017 καὶ
1798 973 1878 1030 τὴν
1939 982 1943 983 ’

481 1028 613 1073 πόλιν
642 1027 846 1071 σπεύδειν
873 1023 996 1079 ίεραν
1025 1026 1099 1069 καὶ
1134 1024 1300 1070 ασυλον
1326 1030 1571 1083 φυλάττειν.
1616 1028 1802 1086 ὕστερον
1831 1031 1878 1074 δὲ

397 1091 453 1131 90
482 1091 663 1135 πολλαῖς
691 1090 858 1140 γενεαῖς
897 1083 971 1126 καὶ
999 1087 1260 1138 στρατεῦσαι
1298 1084 1487 1136 τούτους
1524 1086 1598 1129 καὶ
1628 1087 1719 1144 ἰδία
1753 1087 1878 1130 πολέ-

482 1160 608 1214 μους
625 1141 922 1185 ἐπανελέσθαι
1906 1192 1908 1195 .
1939 1158 1947 1182 ¹.

587 1198 684 1242 Ὀτι
712 1197 885 1241 τούτων
906 1195 1192 1248 ἐκτεθέντων,
1222 1195 1371 1253 ἐπειδὴ
1397 1198 1477 1241 τοῦ
1506 1193 1669 1254 χρόνου
1698 1192 1876 1253 προϊόν-
1938 1194 1950 1215 “”’

481 1273 556 1307 τος
593 1252 912 1325 ἠνδρώθησαν,
954 1253 1069 1297 πολύ
1098 1253 1306 1309 διέφερον
1333 1271 1420 1297 των
1451 1254 1594 1298 α’λλων
1622 1255 1770 1299 καλλει
1799 1257 1876 1300 καὶ

396 1316 451 1359 95
483 1313 620 1370 ῥώμῃ.
654 1312 721 1355 διὸ
751 1312 823 1354 καὶ
852 1314 957 1353 πᾶσι
977 1316 1069 1361 τοῖς
1090 1312 1317 1365 ποιμνίοις
1334 1309 1579 1366 ἀσφάλειαν
1597 1315 1873 1368 παρείχοντο,

481 1372 656 1438 ῥᾳδίως
662 1369 766 1419 τούς
787 1365 1011 1424 λῃστεύειν
1033 1366 1244 1418 εἰωθότας
1266 1366 1644 1439 ἅποκρουόμενοι,
1673 1370 1748 1413 καὶ
1770 1374 1873 1413 πολ-

477 1428 584 1477 λοὺς
613 1425 692 1482 μὲν
723 1425 1010 1492 ἀναιροῦντες
1048 1427 1135 1466 τῶν
1166 1425 1505 1495 ἐπιτιθεμένων,
1549 1425 1694 1477 ἐνίους
1724 1427 1770 1469 δὲ
1798 1426 1873 1470 καὶ

478 1488 640 1537 ζῶντας
670 1478 1061 1548 συλλαμβάνοντες.
1105 1481 1235 1535 χωρὶς
1265 1482 1311 1524 δὲ
1348 1485 1422 1536 τῆς
1458 1482 1506 1524 ἐν
1534 1482 1676 1540 τούτῳ
1707 1487 1872 1538 φιλοτι-

478 1543 580 1595 μίας
619 1555 817 1607 υπηρχον
859 1536 994 1580 ἅπασι
1045 1542 1138 1587 τοῖς
1176 1539 1363 1604 πλησίον
1390 1542 1571 1608 νομεῦσι
1599 1544 1866 1607 προςφιλεῖς,

368 1612 448 1653 100
479 1602 576 1648 ταῖς
613 1612 658 1639 τε
698 1594 887 1663 ὁμιλίαις
929 1593 1136 1644 συνόντες
1173 1594 1247 1636 καὶ
1287 1593 1367 1637 τὸν
1395 1593 1566 1637 έαυτων
1603 1594 1772 1650 τρόπον
1801 1596 1872 1651 μέ-

480 1668 606 1707 τριον
642 1653 718 1695 καὶ
746 1650 902 1695 κοινὸν
937 1656 1029 1701 τοῖς
1059 1650 1282 1705 δεομένοις
1311 1649 1656 1703 ἀναδεικνύντες.
1698 1651 1765 1695 διὸ
1795 1653 1872 1696 καὶ

475 1716 555 1781 τῆς
591 1725 769 1753 παντων
798 1706 1039 1762 α’σφαλείας
1068 1707 1117 1750 ἐν
1144 1706 1319 1758 τούτοις
1347 1709 1566 1776 κειμένης,
1607 1711 1651 1752 οἱ
1677 1713 1871 1752 πλεῖστοι

475 1767 650 1816 τούτοις
685 1764 973 1809 ὑπετάττοντο
1021 1764 1094 1808 καὶ
1137 1762 1186 1806 τὸ
1234 1763 1646 1833 παραγγελλόμενον
1685 1765 1870 1810 ἐποίουν

477 1824 785 1878 συντρέχοντες
815 1823 874 1872 είς
905 1819 984 1871 οὓς
1016 1819 1299 1890 προςταξαιεν
1327 1821 1503 1873 τόπους.

418 1894 446 1938 5
577 1880 676 1922 “On
717 1875 955 1934 Πολυχάρη
996 1875 1256 1943 Μεσσήνιον
1294 1876 1470 1935 πλούτῳ
1510 1895 1584 1922 και
1623 1877 1739 1934 γένει
1777 1880 1868 1923 δια-

476 1938 675 2006 φέροντα
709 1936 958 1979 συνθέσθαι
999 1934 1148 1988 μεθων
1196 1936 1435 1978 κοινωνίαν
1477 1934 1589 1990 πρὸς
1629 1935 1935 2004 Εὕαιφνον548

474 1993 769 2064 Σπαρτιάτην.
804 1989 856 2035 6v
876 1993 936 2041 εἷς
962 1990 1224 2060 ἐπιμέλειαν
1228 1991 1301 2034 καὶ
1322 1992 1526 2048 φυλακὴν
1553 1991 1867 2048 παραλαβόντα

473 2052 550 2102 τάς
587 2067 631 2094 τε
669 2048 825 2105 ἀγέλας
854 2065 928 2091 και
965 2048 1069 2099 τούς
1098 2052 1243 2103 νομεῖς
1275 2048 1539 2119 ἐπιχειρῆσαι
1580 2066 1677 2120 μεν
1696 2054 1868 2093 πλεονε-

392 2121 445 2162 10
473 2113 616 2160 κτεῖν,
655 2122 886 2161 καταφανη
919 2104 965 2148 δὲ
994 2102 1213 2160 γενέσθαι.
1244 2104 1506 2174 πωλήσαντα
1541 2123 1627 2161 γαρ
1659 2105 1867 2160 ἐμπόροις

472 2181 563 2209 των
591 2179 636 2208 τε
676 2166 800 2232 βοῶν
826 2179 902 2205 και
929 2177 1019 2205 των
1047 2161 1219 2231 νομέων
1246 2178 1370 2213 τινας
1405 2161 1473 2205 ἐπ’
1516 2161 1709 2219 ἐξαγωγῇ
1737 2178 1866 2232 προς-

470 2225 715 2278 ποιηθῆναι
752 2236 832 2288 την
872 2216 1093 2262 ἀπώλειαν
1122 2216 1279 2262 αὐτων
1317 2217 1405 2261 υπὸ
1436 2222 1609 2289 λῃστῶν
1637 2219 1866 2274 γεγονέναι

470 2281 642 2335 βιαίων.
683 2292 789 2327 τους
827 2275 875 2319 δὲ
913 2274 1134 2330 ἐμπόρους
1171 2277 1232 2325 εἰς
1261 2274 1470 2318 Σικελίαν
1501 2276 1710 2326 πλέοντας
1746 2277 1865 2331 κομί-

472 2340 621 2389 ζεσθαι
650 2333 767 2386 παροὶ
798 2348 879 2388 την
909 2331 1267 2402 Πελοπόννησον.
1297 2331 1536 2388 γενομένου
1577 2333 1622 2375 δὲ
1651 2336 1864 2400 χειμῶνος

390 2402 444 2446 15
475 2394 854 2447 προςορμισθῆναι
879 2393 933 2446 τῇ
961 2392 1042 2444 γῇ,
1081 2389 1153 2432 καὶ
1179 2388 1283 2440 τοὺς
1312 2393 1459 2443 νομεῖς
1487 2389 1645 2439 νυκτὸς
1675 2387 1864 2459 ἀποβάν-

474 2466 552 2501 τας
590 2449 826 2503 διαδρᾶναι
863 2463 916 2502 τη
961 2462 1052 2490 των
1088 2443 1238 2489 τόπων
1285 2444 1485 2505 ἐμπειρία
1533 2444 1862 2496 πιστεύσαντας.

468 2597 527 2632 79
553 2592 791 2639 υφορᾶσθαι]
815 2589 1086 2638 υφορωμένους
1103 2593 1189 2628 Rei
1180 2593 1269 2627 kius
1406 2589 1463 2627 83.
1491 2590 1635 2636 Ξέρξου
1651 2592 1859 2634 Salmasius,

473 2646 524 2682 ,Ξε
513 2645 610 2685 έρξοι
634 2643 663 2675 V
809 2639 1133 2685 συνεστράτευσαν]
1159 2638 1525 2683 συνεστρατεύθησαν
1551 2641 1580 2672 ἱ
1724 2640 1782 2673 86.
1808 2637 1860 2672 ἔτι

468 2691 553 2724 Rei
551 2691 653 2729 kius,
681 2700 739 2722 οτι
762 2686 792 2718 V
930 2687 987 2720 90.
1013 2687 1245 2731 στρατεῦσαι]
1272 2688 1566 2731 συστρατεῦσαιέ
1688 2683 1746 2718 92.
1771 2683 1859 2720 τού-

471 2738 557 2781 των]
582 2732 722 2779 Ρωμος
745 2732 807 2768 καὶ
829 2728 953 2778 Ῥέμος
976 2734 1118 2777 apponit
1140 2744 1266 2778 margo
1291 2733 1319 2765 V

561 2804 640 2840 548.
665 2804 698 2840 6.
724 2799 872 2850 mecine]
893 2803 1050 2849 νομωνΡ
1187 2801 1245 2837 12.
1270 2800 1419 2846 βιαίων]
1443 2799 1565 2837 malim
1589 2801 1720 2848 βιαίως
