1968 3346
353 677 424 715 568
527 679 530 681 ·
734 653 1138 713 DIODORI
1202 654 1499 713 SICULI

515 792 881 837 FRAGMENTA
908 792 993 835 EX
1022 791 1374 834 FLORILEGIO
1406 790 1584 836 VATIC
1591 790 1721 834 ΑΝΟ.

421 1067 705 1137 Vaticanum
733 1085 1002 1149 florilegIUm
1034 1092 1124 1149 quo
1155 1091 1344 1135 maiores
1375 1090 1486 1134 mihi
1515 1091 1669 1134 Dionis
1700 1107 1808 1150 opes

420 1157 737 1214 suppeditavit,
776 1158 826 1197 60
856 1154 1045 1196 Diodori·
1070 1154 1322 1210 paucioreS,
1360 1167 1462 1194 cum
1493 1169 1576 1210 per
1604 1170 1670 1204 se,
1706 1164 1808 1198 tum

421 1215 524 1268 quia
561 1213 719 1254 saltem
756 1211 999 1253 nonnullae
1040 1211 1092 1251 de
1133 1210 1270 1250 citatis
1313 1210 1362 1249 in
1403 1224 1454 1250 60
1493 1212 1722 1266 particulis
1760 1214 1809 1255 in

419 1269 544 1311 libris
582 1268 769 1310 Diodori
813 1267 1121 1324 superstitibus
1159 1266 1250 1307 iam
1289 1266 1593 1308 occurrebant.
1658 1269 1726 1310 Sic
1761 1271 1808 1312 in

419 1325 639 1381 florilegio
671 1340 715 1380 p.
741 1330 781 1369 8.
819 1324 980 1380 legitur
1009 1322 1316 1378 fragmentum
1358 1322 1478 1377 quod
1510 1323 1598 1364 iam
1631 1326 1810 1368 extabat

420 1382 499 1423 lib.
523 1381 556 1423 J.
583 1388 622 1425 2.
653 1381 862 1432 Diodori,
896 1395 975 1421 nee
1004 1394 1096 1420 non
1124 1381 1170 1419 in
1200 1394 1233 1419 s.
1261 1376 1449 1419 Maximi
1472 1383 1694 1423 sententiis
1716 1384 1811 1425 edi-

419 1439 476 1480 tis
498 1438 564 1480 ed.
584 1438 741 1494 Tigur.
772 1453 815 1495 p.
846 1442 940 1480 164.
999 1436 1172 1477 Rursus
1201 1434 1390 1490 florileg.
1421 1442 1506 1477 vat.
1536 1452 1578 1493 p.
1601 1443 1665 1481 10.
1698 1440 1807 1481 con·-

420 1495 541 1550 gruit
576 1509 680 1536 cum
711 1495 760 1535 A.
793 1494 966 1536 Melissa
996 1492 1065 1534 ed.
1096 1492 1254 1547 Tigur.
1284 1507 1329 1548 p.
1361 1497 1436 1541 12,
1470 1506 1551 1534 nec
1580 1509 1673 1536 non
1703 1511 1807 1539 cum

421 1551 660 1607 Georgidio
690 1558 774 1594 vat.
805 1550 899 1592 eod.
929 1565 976 1606 p.
997 1554 1075 1599 423
1106 1547 1348 1604 similisque
1376 1547 1471 1590 fere
1493 1552 1703 1594 sententia
1730 1569 1809 1595 oc—

420 1608 561 1650 currit
581 1608 703 1664 apud
725 1607 976 1648 Diodorum
1006 1605 1084 1646 lib.
1105 1606 1159 1647 V.
1182 1610 1258 1648 31:
1287 1619 1533 1660 rursusque
1553 1607 1662 1649 alius
1683 1608 1809 1652 locus

420 1664 628 1720 congruit
657 1679 760 1705 cum
789 1664 990 1705 Diodoro
1023 1662 1137 1703 edito
1159 1660 1193 1702 I.
1227 1666 1263 1704 1.
1293 1684 1351 1693 ——
1409 1661 1613 1720 Florileg.
1643 1673 1729 1707 vat.
1761 1682 1808 1723 p.

419 1726 491 1764 27.
523 1722 715 1761 occurrit
743 1720 818 1761 illa
847 1719 1040 1760 narratio
1074 1719 1125 1759 de
1149 1717 1323 1759 Phintia
1353 1726 1395 1760 et
1417 1718 1641 1774 Damone,
1672 1737 1807 1776 quam

419 1776 585 1818 habent
616 1777 785 1832 eclogae
816 1776 881 1817 ed.
916 1774 1098 1816 VVessel.
1129 1782 1239 1816 tom.
1262 1773 1319 1816 H.
1349 1791 1395 1832 p.
1430 1777 1526 1820 554.
1557 1801 1613 1809 —
1659 1777 1808 1821 Flori-

418 1830 501 1889 168.
525 1841 610 1877 vat.
642 1849 685 1890 p.
705 1838 769 1877 53.
801 1832 1005 1888 congruit
1028 1846 1129 1872 cum
1155 1831 1355 1872 Diodoro
1387 1831 1451 1872 ed.
1473 1832 1506 1874 I.
1528 1839 1606 1885 70,
1640 1841 1682 1876 et
1704 1851 1807 1878 cum

419 1891 469 1931 A.
493 1890 664 1931 Melissa
693 1906 740 1946 p.
763 1895 830 1933 79.
861 1913 917 1920 —
957 1887 1160 1943 Florileg.
1189 1895 1272 1928 vat.
1298 1903 1344 1942 p.
1365 1892 1434 1932 75.
1456 1889 1606 1932 incidit
1629 1891 1675 1932 in
1695 1892 1808 1933 Dio-

421 1946 585 1987 dorum
629 1946 693 1987 ed.
726 1946 798 1988 lib.
831 1944 950 1987 XVI.
984 1950 1053 1988 54.
1087 1967 1139 1974 —-
1199 1943 1397 1999 Denique
1433 1946 1478 1986 in
1508 1946 1693 2004 florileg.
1721 1955 1806 1992 vat.

419 2018 466 2058 p.
487 2008 558 2046 72.
591 2003 780 2043 citantur
819 2017 876 2044 ex
906 2000 1122 2058 Euripide
1161 2000 1361 2041 versiculi
1391 2003 1589 2059 quinque
1629 2004 1682 2045 de
1712 2005 1809 2047 auri

419 2059 649 2110 laudibus,
682 2074 879 2114 quorum
902 2058 991 2100 duo
1022 2057 1195 2113 priores
1224 2060 1539 2100 tantummodo
1568 2061 1615 2101 in
1644 2062 1808 2103 vatica-

419 2116 488 2156 nis
525 2116 742 2172 excerptis
781 2117 888 2157 meis
923 2130 967 2171 p.
999 2119 1092 2157 123.
1137 2122 1447 2169 apparuerant.
1506 2116 1620 2157 Sunt
1658 2126 1807 2158 autem

419 2172 552 2213 iidem
584 2172 802 2227 quinque,
835 2170 910 2227 qui
942 2170 1061 2226 apud
1084 2169 1326 2210 Stobaeum
1357 2170 1553 2226 aliosque
1580 2172 1806 2226 leguntur,

420 2235 473 2268 ut
505 2227 636 2268 citato
667 2228 712 2267 in
741 2226 839 2268 loco
871 2226 1087 2267 adnotavi.
1149 2223 1232 2265 Sed
1260 2231 1407 2265 tamen
1438 2226 1484 2267 in
1512 2226 1728 2285 florilegio
1765 2242 1808 2272 V.

420 2289 461 2328 2.
492 2298 577 2339 pro
613 2284 736 2332 τοίας
772 2290 832 2324 est
863 2279 1036 2331 τοιάςδς
1079 2293 1118 2322 v,
1149 2285 1187 2324 3.
1224 2294 1308 2335 pro
1347 2277 1402 2324 οὐ
1435 2290 1498 2324 est
1526 2281 1652 2334 0136325
1692 2300 1734 2328 v.
1762 2289 1805 2329 4.

420 2352 507 2397 pro
549 2340 584 2381 εἰ
613 2336 658 2381 δ’
691 2348 755 2381 est
787 2336 910 2391 οὐδ’,
949 2353 1035 2395 pro
1068 2332 1152 2393 ὁρᾷ
1192 2342 1255 2377 est
1294 2334 1428 2389 ὁρᾶνς
1471 2354 1512 2383 v.
1543 2343 1584 2385 5.
1624 2356 1712 2398 pro
1750 2339 1806 2384 οὐ

420 2393 560 2450 θαῦμ’
595 2403 658 2437 est
688 2395 850 2445 οὕτως,
880 2410 965 2452 pro
985 2390 1161 2448 τρέφειν
1186 2399 1250 2434 est
1277 2394 1440 2450 τρέφει.
1497 2396 1685 2452 Reliqua
1702 2405 1807 2439 sunt

418 2453 466 2494 in
486 2452 701 2508 florilegio
718 2452 800 2493 sub
817 2451 1002 2493 Diodori
1021 2450 1428 2511 nominenexcerpta
1451 2461 1663 2508 quatuor,
1695 2468 1808 2510 quae

419 2524 500 2565 ego
531 2509 577 2550 in
606 2508 692 2550 hoc
720 2523 820 2550 meo
850 2507 1079 2550 volumine
1111 2520 1249 2563 copus
1281 2508 1476 2550 eiusdem
1503 2509 1688 2551 Diodori
1717 2511 1806 2552 iam

418 2564 583 2609 referto
602 2565 788 2606 libenter
807 2563 1048 2606 collocabo.
1093 2560 1212 2603 MAI.
1271 2563 1397 2605 Edita
1427 2573 1532 2606 sunt
1560 2565 1668 2608 haec
1699 2579 1807 2622 quo-

420 2636 509 2678 que
531 2620 611 2662 XI.
644 2628 708 2664 11.
750 2620 870 2662 XIII.
900 2627 971 2664 22.
1016 2618 1155 2661 XVII.
1188 2623 1258 2662 38.
1298 2619 1422 2662 XIX.
1454 2623 1522 2666 95.

534 2674 586 2722 α’.
628 2675 724 2733 Χρὴ
763 2674 847 2720 οὐκ
882 2675 930 2720 ἐκ
968 2678 1056 2718 τῶν
1096 2672 1457 2731 ἀποτελεσμάτων
1487 2678 1666 2733 ’κρίνειν
1701 2676 1808 2731 τοὺς
1914 2677 1925 2743 J

1921 2776 1923 2786 l
1934 2783 1936 2792 Ι

511 2789 667 2825 Pertinet
697 2791 765 2824 hoc
796 2789 1037 2834 fragmentum
1071 2787 1117 2822 ad
1139 2786 1285 2822 Diodori
1309 2789 1426 2823 locum
1452 2801 1472 2824 θ
1493 2790 1656 2825 vaticano
1677 2791 1807 2836 palim-

420 2839 535 2880 psesto
558 2847 580 2872 a
604 2848 661 2872 me
684 2837 872 2883 vulgatum
895 2848 929 2882 p.
952 2835 1020 2878 493
1044 2834 1143 2871 culus
1160 2832 1230 2870 loci
1252 2835 1411 2874 clausula
1433 2836 1502 2875 fuit
1517 2837 1608 2875 hacc
1626 2839 1806 2882 sententia.
