1968 3346
328 210 630 256 EXOERPTA
657 209 943 253 VATICANA
982 210 1273 254 L.V11.-x.
1482 215 1512 256 7

111 323 264 374 ου’τως.
319 319 395 365 Ἐκ
417 325 498 365 τοῦ
520 322 776 364 Αἰπυτιδῶν
803 318 960 375 γένους
987 324 1127 364 θῦσαι
1153 320 1294 377 κόρην
1322 321 1406 379 την
1433 338 1504 365 τυ-

109 384 297 448 χοῦσαν·
335 378 413 422 ἐὰν
442 378 488 422 δὲ
515 376 543 433 ἡ
574 381 771 447 λαχοῦσα
800 376 1000 445 οἷδυνατῆ
1029 382 1388 449 καθοσιωθῆναι,
1418 383 1500 422 θῦ-

110 450 184 480 σαι
224 434 319 480 τότε
360 435 587 489 παρθένον
627 433 707 489 τὴν
744 437 825 476 τοῦ
855 420 1054 483 διδόντος
1089 433 1299 485 ἑκουσίως
1336 434 1383 478 ἐκ
1412 438 1497 478 τοῦ

101 492 253 537 αὑτοῦ
290 492 467 548 γένους·
519 490 593 533 καὶ
634 494 774 533 ταῦτα
821 489 1061 543 πράξαντες
1101 490 1210 541 ἕξετε
1251 493 1379 545 νίκην
1417 495 1497 535 τοῦ

110 549 306 604 πόλεμου
340 549 415 591 καὶ
454 544 624 600 κράτος.
664 571 716 577 -
784 545 1001 601 Οὐδεμιᾶς
1037 545 1120 600 γὰρ
1137 550 1284 615 τιμῆς
1313 547 1497 602 μέγεθος
1526 554 1553 595 5

111 606 354 661 ἰσόῤῥοπον
393 604 593 674 ἐφαίνετο
629 607 722 653 τοῖς
750 606 929 658 γονεῦσι
959 602 1071 655 πρὸς
1101 601 1180 658 τὴν
1213 607 1303 646 τῶν
1331 604 1496 646 τέκνων

112 664 352 731 σωτηρίαν,
390 658 490 703 ἀλλ’
522 659 611 713 ἅμα
640 660 719 715 μὲν
751 658 774 703 ὁ
803 663 880 715 τῆς
909 660 1159 727 συγγενείας
1189 659 1305 710 ε’λεος
1335 659 1500 703 ἑκάστω

111 718 324 762 υπεδύετο
354 715 439 770 πρὸ
471 714 719 770 ὁφθαλμων
759 715 1038 785 λαμβάνοντι
1056 714 1138 771 τὴν
1169 715 1370 772 σφαγήν
1411 734 1502 771 αμα

113 776 159 819 δὲ
198 773 443 828 ἐνετρέπετο
485 772 705 829 προδότης
742 772 950 829 γενέσθαι
995 772 1155 820 τέκνου
1194 773 1306 829 πρὸς
1344 771 1503 829 ὁμολο-

112 830 333 890 γούμενον
364 829 566 885 ὄλεθρον.
1503 840 1556 880 10

226 912 340 952 Vlll.
386 907 652 962 προέπιπτεν
689 909 750 958 εἰς
780 907 937 961 ἄναξια
968 912 1044 964 τῆς
1072 909 1172 963 περὶ
1203 907 1339 952 αὐτὸν
1374 908 1502 979 δόξης

115 966 421 1036 ἁμαρτήματα·
455 965 598 1015 δεινός
626 965 708 1019 γὰρ
737 963 760 1007 ὁ
790 965 899 1018 ε’ρως
930 970 1093 1036 σφῆλαι
1121 983 1228 1017 τους
1254 965 1395 1017 νέους,
1427 966 1501 1008 καὶ

114 1024 302 1093 μάλιστα
341 1038 446 1071 τους
488 1025 933 1076 μεγαλοφρονοῦντας
972 1021 1041 1071 ε’πὶ
1087 1039 1140 1078 τῃ
1180 1026 1262 1066 τοῦ
1303 1020 1503 1076 σώματος

116 1080 256 1148 ρώμῃ.
289 1077 358 1122 διὸ
388 1077 462 1121 καὶ
468 1092 799 1149 παρειςι3γαγον
823 1081 866 1121 οἱ
883 1079 1061 1123 παλαιοὶ
1082 1095 1173 1122 των
1192 1077 1503 1134 μυθογράφων

113 1137 193 1180 τὸν
221 1134 308 1178 ὑπὸ
340 1138 430 1178 τῶν
461 1132 604 1177 α’λλων
635 1133 843 1191 ἀνίκητον
867 1134 1082 1191 Ἡρακλέα
1111 1134 1198 1179 ὑπὸ
1229 1140 1310 1192 τῆς
1337 1135 1557 1183 τούτου15

114 1191 340 1248 δυνάμεως
369 1189 626 1245 νικώμενον.

90 1265 114 1298 7
227 1260 300 1303 καὶ
339 1263 434 1309 ταῖς
471 1260 744 1314 προθυμίαις
782 1259 1147 1332 επεῤῥώσθησαν·
1187 1259 1291 1329 τούς
1330 1257 1415 1329 γὰρ
1457 1259 1505 1303 ἐκ

115 1319 288 1361 παίδων
317 1313 526 1368 ανδρείαν
554 1317 628 1359 καὶ
653 1320 907 1389 καρτερίαν
919 1316 1185 1369 ασκοῦντας,
1225 1316 1308 1360 κᾶν
1336 1315 1364 1372 ἡ
1395 1314 1505 1384 τύχ13

115 1391 204 1418 που
234 1371 507 1429 ταπεινώσῃ,
537 1372 702 1431 βραχὺς
730 1373 861 1430 λόγος
891 1373 965 1431 εφ’
997 1373 1022 1419 ὃ
1052 1377 1118 1420 δεῖ
1138 1375 1416 1429 παρίστησιν.
1449 1388 1503 1415 ου

280 1500 346 1533 ..1
372 1497 599 1546 Αἰπυτιδῶν]
623 1499 836 1535 Αἰπυτίδων
861 1502 914 1534 ed.
938 1503 1040 1537 Rom

313 1546 346 1579 2.
373 1541 556 1599 οὶδυνατῃ]
582 1543 762 1580 αδννατεῖ
783 1548 839 1579 ed.
865 1549 965 1581 Rom.

281 1592 348 1625 ..2
373 1591 492 1625 θῦσαι
514 1590 612 1634 τότε]
636 1590 799 1626 θύσαιτό
822 1604 862 1627 τε
886 1594 940 1627 ed.
965 1595 1066 1626 Rom.

283 1661 291 1669 .
315 1635 350 1670 4.
383 1633 518 1679 αὑτοῦ]
545 1635 667 1672 αὐτοῦ
690 1640 743 1672 ed.
770 1641 872 1673 Rom.

283 1683 350 1716 ..5
381 1695 420 1726 μι
411 1681 548 1728 ’γεθος]
576 1685 660 1717 Cod.
685 1683 888 1729 μεγέθεσιν.
920 1686 1016 1718 ΜΑΙ.

283 1730 349 1767 ..6
372 1729 534 1773 γονεῦσι]
558 1731 728 1775 γονεῦσιν
753 1732 806 1766 ed.
833 1732 939 1765 Rom

211 1842 246 1879 7.
269 1842 304 1881 1.
339 1842 564 1886 Αἰπυτίδων]
589 1843 718 1886 Aepyti
739 1843 991 1883 Messeniorum
1012 1840 1107 1887 regis
1128 1840 1311 1885 posteritas
1332 1840 1416 1875 dicti
1439 1839 1508 1875 Ae-

119 1888 274 1934 pytidae.
321 1889 470 1924 Pausan.
488 1889 546 1922 lv.
572 1888 606 1923 3.
638 1890 737 1924 MAI.

214 1947 248 1980 7.
272 1944 306 1982 5.
331 1947 438 1979 Modo
462 1945 576 1990 ligata
598 1947 702 1980 modo
726 1947 841 1980 soluta
865 1945 1021 1979 oratione
1043 1946 1195 1981 locutam
1210 1945 1380 1990 P5thiam
1402 1942 1510 1977 tradit

120 1993 334 2027 Plutarchus
358 1993 400 2025 de
423 1993 530 2035 Pyth.
562 2000 614 2033 org
637 1994 681 2032 T,
700 1993 776 2026 vn.
806 2004 840 2035 p.
862 1991 942 2025 590.
991 1992 1198 2034 Ceteroquin
1228 1992 1409 2024 oraculum
1440 1990 1510 2023 hoc

122 2038 284 2072 iambicis
318 2038 499 2071 versiculis
532 2043 625 2072 extat
657 2039 749 2083 apud
779 2038 989 2076 Pausaniam
1003 2039 1061 2072 IV.
1093 2038 1138 2077 93
1174 2037 1386 2070 hexametris
1418 2035 1511 2078 apud

123 2085 315 2119 Eusebium
341 2095 463 2128 praep.
493 2085 533 2118 V.
570 2085 626 2123 27.
683 2085 786 2118 Prior
819 2084 882 2117 ille
912 2084 1026 2118 diram
1057 2095 1195 2128 quoque
1225 2087 1345 2121 narrat
1370 2082 1512 2126 puellae

123 2131 266 2165 caedem
289 2142 310 2164 a
332 2136 474 2173 parente
494 2136 684 2173 peractam.
718 2131 815 2166 MAI.

216 2186 333 2222 214.
369 2187 526 2221 Difficile
556 2193 607 2221 est
630 2188 789 2221 divinare
811 2189 855 2221 de
877 2198 1028 2231 quonam
1062 2187 1207 2221 homine
1235 2187 1403 2229 loquatur
1432 2183 1513 2218 heic

124 2233 320 2273 Diodorum
344 2244 494 2276 namque
511 2234 708 2278 eclogarius
727 2234 853 2268 morali
875 2238 1008 2268 tantum
1033 2233 1222 2267 sententiae
1245 2232 1404 2273 intentus,
1433 2242 1514 2274 pec-

126 2280 236 2314 cantis
258 2279 327 2312 viri
350 2291 477 2312 nomen
500 2280 650 2314 reticuit.
697 2281 859 2314 Ceterum
883 2279 1045 2313 veniebat
1069 2280 1105 2312 in
1127 2283 1278 2312 mentem
1302 2277 1389 2311 ille·
1379 2276 1514 2310 iuvenis

127 2325 187 2369 qui
206 2326 298 2368 apud
317 2326 525 2360 Pausaniam
538 2327 592 2360 lv,
619 2327 652 2360 9.
677 2327 743 2359 fals
746 2338 766 2358 o
790 2326 877 2363 dixit
900 2337 936 2358 se
959 2325 1119 2359 vitiavisse
1108 2337 1141 2359 e
1155 2323 1365 2358 Aristodemi
1387 2323 1512 2360 filiam,

127 2371 263 2412 Aliter,
299 2382 402 2413 quam
425 2372 641 2413 Pausanias,
678 2373 912 2406 narrationem
945 2372 1093 2405 fortasse
1123 2371 1307 2414 scripserat
1329 2369 1515 2408 Diodorus,

128 2423 164 2451 et
187 2429 251 2461 pro
274 2417 456 2450 mendacio
487 2430 562 2450 rem
592 2429 714 2452 veram
737 2422 912 2461 posuerat.
959 2419 1023 2450 iel
1055 2418 1201 2451 fortasse
1224 2415 1433 2459 intelligitur
1456 2414 1517 2446 ille

129 2462 189 2507 qui
213 2462 442 2505 Hippomenis
466 2463 728 2497 Atheniensium
758 2464 934 2498 archontis
965 2464 1062 2496 filiae
1095 2468 1252 2506 stuprum
1282 2462 1400 2494 intulit
1423 2460 1518 2502 apud

129 2510 277 2543 eundem
302 2508 494 2546 Diodorum
518 2510 553 2542 in
577 2511 746 2553 excerptis
769 2510 869 2543 editis
892 2522 926 2553 p.
947 2509 1027 2543 550.
1075 2511 1212 2552 Reapse
1244 2507 1405 2540 messenii
1431 2505 1519 2538 belli

128 2555 230 2596 finis,
254 2566 358 2598 quem
383 2555 487 2588 modo
511 2555 721 2589 Diodorus
706 2556 814 2598 sci-ips
800 2556 865 2596 it,
896 2555 1017 2588 incidit
1038 2555 1074 2588 in
1097 2559 1259 2598 quartum
1284 2551 1514 2596 Hippomenis

130 2601 307 2636 archontis
332 2611 480 2641 annum,
511 2601 563 2634 uti
586 2601 712 2635 discite
736 2603 877 2634 adnotat
895 2601 1085 2635 Pausanias
1103 2602 1158 2634 H.
1183 2600 1238 2634 13.
1286 2600 1403 2642 Quare
1426 2604 1514 2631 tem-

129 2658 218 2692 pora
241 2646 433 2726 utriussslltxssl
455 2647 506 2680 rei
537 2651 743 2692 congruunt.
791 2648 952 2691 Denique
974 2647 1175 2692 cogitabam
1196 2646 1304 2681 etiam
1327 2645 1369 2678 de
1393 2645 1515 2688 Gorgo

131 2704 313 2727 messemo.
436 2717 443 2725 .

223 2750 257 2784 7.
283 2750 341 2783 18.
384 2749 528 2783 videtur
561 2761 676 2783 nermo
702 2761 777 2783 esse
811 2750 853 2783 de
876 2749 1180 2790 Lacedaemoniis,
1213 2748 1273 2792 qui
1296 2749 1340 2781 ob
1365 2747 1479 2781 clades
1503 2757 1525 2780 a.

132 2796 525 2877 Messssixiislgcctieitpls,
549 2795 723 2831 interdum
739 2796 864 2830 animis
883 2797 1118 2831 concidebant.
1151 2795 1291 2830 Diodor.
1308 2805 1409 2835 mox3
1434 2794 1527 2827 Pau-

133 2853 206 2878 Sffll.
287 2869 295 2878 .
344 2866 376 2877 -.
456 2858 464 2877 t
502 2868 508 2876 .
