1968 3346
480 198 566 239 144
601 193 904 237 EXGERPTA
924 192 996 234 DE
1017 192 1168 236 VIRT.
1187 193 1263 234 ET
1286 192 1398 234 VIT.
1418 195 1466 235 L.
1489 193 1686 237 XXXIV.
1702 196 1877 238 XXXV.

477 313 554 358 τος
581 305 727 363 ἤθους
755 305 1020 375 φιλοτέκνου
1048 303 1160 375 πρὸς
1188 302 1354 358 τρόπον
1384 305 1687 375 φιλοπάτορα,
1716 306 1878 366 συνέβη

477 380 585 415 τους
614 362 774 433 λῃστὰς
803 361 1093 432 ἐπιφανέντας
1123 359 1407 432 ἀμφοτέρους
1436 360 1618 405 ἀνελεῖν.

577 419 678 462 Ὀτι
709 419 733 462 6
763 423 845 462 τοῦ
873 418 1112 474 Λιηγύλιος
1139 417 1239 468 υίὸς
1269 418 1518 474 Ζιβέλμιος,
1542 419 1771 489 ἐζηλωκώς
1800 419 1877 472 τὰς

391 483 447 523 60
476 480 560 520 τοῦ
588 475 756 530 πατρὸς
791 477 1074 546 μιαιφονίας,
1114 478 1399 530 μνησικακῶν
1441 476 1487 518 δὲ
1523 474 1636 530 ὑπὲρ
1666 481 1756 520 τῶν
1784 483 1877 528 τοῖς

479 534 619 591 Θραξὶ
648 533 960 606 πραχθέντων,
990 532 1057 575 ἐπι
1086 534 1273 574 τοσοῦτο
1303 534 1530 588 προῆλθεν
1560 532 1783 588 ω’μότητος
1801 535 1877 578 καὶ

471 592 769 662 παρανομίας
794 589 900 640 ω’ςτε
936 589 1042 639 τοὺς
1078 586 1413 642 προςκόψαντας
1449 592 1712 640 πανοικίους
1750 607 1877 646 τιμω-

473 652 664 702 ρεῖσθαι.
704 646 774 690 ἐπὶ
802 663 886 716 γαρ
917 650 1012 695 ταῖς
1038 645 1275 714 τυχούσαις
1310 646 1468 697 αἰτίαις
1495 663 1602 697 τους
1628 647 1708 701 μὲν
1738 648 1876 702 διεμέ-

471 707 575 757 λιζε,
605 704 713 754 τούς
744 703 790 747 δὲ
811 701 1102 756 ἀνεσταύρου,
1132 700 1239 752 τούς
1269 702 1316 745 δὲ
1344 703 1419 746 καὶ
1450 707 1612 756 ζῶντας
1641 704 1873 759 ένεπύριζε.

388 762 444 806 65
473 761 644 816 γονέων
684 760 731 804 δὲ
771 760 819 802 έν
859 758 1024 814 ὄμμασι
1063 758 1138 801 καὶ
1185 758 1367 810 κόλποις
1406 760 1696 816 έγκατέσφαζε
1731 761 1876 815 τέκνα,

471 817 548 861 καὶ
576 820 837 886 κρεανομῶν
865 816 917 858 τὰ
948 815 1126 869 σώματα
1145 818 1370 869 παρετίθει
1387 821 1478 867 τοῖς
1508 817 1875 873 συγγενεστατοις,

471 872 799 944 ἀνανεούμενος
838 871 918 923 τοὶς
955 859 1144 922 παλαιας
1184 873 1352 924 ἐκείνας
1396 874 1569 943 Τηρέως
1606 874 1634 929 ἢ
1674 875 1874 919 Θυέστου

472 929 651 981 θοινας.
695 932 738 973 οἱ
778 930 825 973 δὲ
865 933 1033 987 Θρακες
1066 929 1365 999 συλλαβόντες
1402 930 1480 973 τὸν
1520 931 1775 985 Ζισέλμιον,
1822 932 1873 976 τὸ

387 993 444 1033 70
473 989 554 1044 μὲν
602 985 714 1031 καθ’
757 988 809 1030 ἓν
858 985 995 1029 αὐτὸν
1049 985 1396 1029 οἷντιδιατιθέναι
1447 987 1602 1042 σχεδὸν
1651 986 1874 1032 ἀδύνατον

469 1045 657 1118 ύπηρχε·
697 1047 790 1094 πῶς
819 1060 902 1098 γαρ
935 1044 1029 1086 ἐνδε
1013 1042 1218 1098 εχόμενον
1247 1045 1303 1096 ἠν
1334 1061 1381 1087 εν
1411 1048 1537 1096 σῶμα
1565 1043 1647 1099 τὴν
1677 1047 1736 1095 εἰς
1765 1046 1874 1089 ὅλον

470 1102 601 1153 ε’θνος
641 1102 925 1156 παρανομίαν
963 1100 1204 1156 γενομένην
1244 1099 1563 1152 αναδέξασθαις
1602 1101 1720 1172 ὅμως
1751 1101 1792 1145 δ’
1824 1104 1888 1147 ἐκ

467 1163 559 1201 τῶν
588 1157 882 1213 ἐνδεχομένων
903 1157 1279 1212 ἐφιλοτιμήθησαν
1308 1161 1457 1202 πᾶσαν
1484 1157 1618 1214 ὕβριν
1647 1160 1721 1202 καὶ
1741 1176 1872 1216 τιμω-

471 1217 575 1271 ρίαν
606 1219 897 1270 προςαγαγεῖν
925 1218 986 1271 τῷ
1018 1213 1196 1283 σώματι.

383 1276 440 1320 75
571 1271 672 1315 ’Ότι
722 1271 745 1315 ὁ
790 1275 1064 1326 Πτολεμαῖος
1110 1269 1134 1314 ὁ
1180 1269 1374 1314 Φύσκων
1421 1271 1870 1341 προςαγορευόμενος,

467 1328 728 1383 πυθόμενος
756 1329 838 1383 τήν
867 1333 942 1383 τῆς
963 1327 1246 1398 Κλεοπατρας
1275 1327 1386 1382 πρὸς
1418 1327 1554 1371 αὐτὸν
1571 1327 1871 1383 αλλοτρίωσιν,

466 1386 543 1439 καὶ
582 1384 636 1428 οὐ
677 1384 923 1439 δυνάμενος
963 1384 1101 1435 ἄλλως
1139 1384 1279 1440 αὐτην
1314 1389 1532 1453 λυπῆσαι,
1574 1388 1734 1438 πρᾶξιν
1773 1404 1872 1430 ατο-

468 1442 688 1497 σιωτόιτην
708 1441 942 1511 ἐτόλμησεν
970 1440 1314 1485 επιτελέσασθαι.
1346 1439 1644 1511 μιμησάμενος
1673 1443 1756 1498 γὰρ
1789 1459 1870 1499 την

467 1503 543 1555 τῆς
572 1501 772 1568 Μηδείας
812 1496 1014 1553 ω’μότητα
1057 1499 1131 1541 καὶ
1172 1500 1436 1554 μιαιφονίαν
1486 1497 1565 1541 τόν
1605 1501 1760 1543 κοινόν
1791 1500 1867 1543 αύ-

379 1559 436 1600 80
465 1560 547 1599 τοῦ
576 1572 620 1598 τε
650 1554 852 1625 κακείνης
881 1556 982 1599 υἷόν
1012 1554 1197 1610 ἔσφαξεν
1229 1555 1276 1598 ἐν
1304 1572 1356 1611 τῃ
1388 1553 1583 1611 Κύπρῳ,
1620 1559 1759 1599 παῖδα
1787 1557 1936 1627 μεν603

466 1611 576 1657 ὄντα
609 1612 687 1668 τὴν
715 1611 914 1681 ἡλικίαν,
948 1611 1278 1682 ὀνομαζόμενον
1309 1612 1354 1655 δὲ
1384 1588 1635 1668 Μεμφίτην
1680 1612 1764 1656 οὐκ
1778 1613 1868 1682 οἷρ-

463 1670 638 1721 κεσθεῖς
679 1669 725 1713 δε
771 1672 832 1711 τιό
871 1666 1111 1739 ασεβηματι
1150 1667 1292 1711 τούτω
1340 1672 1488 1738 πολλῷ
1538 1673 1688 1724 μεῖζον
1729 1668 1869 1724 μύσος

463 1743 618 1781 ετερον
650 1714 937 1770 ἐπετελέσατο.
969 1714 1302 1781 οἷκρωτηριασας
1330 1742 1413 1780 γαρ
1435 1725 1484 1768 τὸ
1508 1730 1634 1781 σωμα
1661 1731 1744 1770 τοῦ
1771 1743 1870 1771 παι-

465 1783 544 1834 δὸς
574 1783 647 1826 καὶ
679 1783 820 1833 ενθεὶς
849 1785 910 1833 εἴς
939 1799 1038 1825 τινα
1068 1784 1220 1838 κίστην
1257 1781 1490 1836 προςέταξέ
1526 1800 1614 1826 τινι
1642 1800 1731 1826 ‘cco-³1·
1759 1783 1870 1840 ὑπη-

379 1845 435 1889 85
466 1857 604 1896 ρετων
635 1842 694 1892 εἰς
724 1842 805 1910 τὴν
830 1837 1159 1893 Ἀλεξάνδρειαν
1189 1840 1463 1892 διακομίσαι·
1502 1855 1612 1882 κατα
1651 1839 1790 1897 τύχην
1819 1842 1868 1886 δὲ

466 1897 680 1952 σύνεγγυς
721 1896 864 1940 ὄντων
894 1913 945 1951 τῃ
976 1895 1241 1952 Κλεοπατρςι
1269 1899 1360 1938 τῶν
1369 1898 1647 1965 γενεθλίων,
1691 1902 1744 1954 τῆ
1777 1898 1866 1952 πρὸ

463 1954 636 1999 τούτων
664 1955 789 1997 νυκτὶ
817 1958 966 1996 θεῖναι
994 1970 1073 2009 την
1112 1955 1264 2007 κίστην
1292 1951 1378 2005 πρὸ
1409 1956 1498 1995 τῶν
1529 1955 1762 2007 βασιλείων
1787 1971 1868 1999 πα-

467 2010 776 2066 ρεσκευάσατο.
822 2012 875 2054 οὐ
917 2010 1303 2061 συντελεσθέντος,
1348 2009 1422 2078 xa}
1462 2013 1538 2064 τῆς
1575 2009 1867 2063 περιστασεως

379 2073 436 2116 90
465 2070 832 2124 ἐπιγνωσθείσης,
845 2066 891 2138 η
914 2066 1178 2121 Κλεοπάτρα
1198 2066 1362 2116 πένθος
1395 2064 1550 2121 ἤρατο,
1585 2068 1660 2110 καὶ
1682 2067 1731 2111 τὸ
1762 2073 1866 2126 πλῆ-

462 2131 549 2177 θος
580 2129 802 2175 παντελως
831 2122 911 2166 ἀπε
916 2124 1121 2196 θηριώθη
1154 2124 1265 2176 πρός
1293 2123 1371 2165 τὸν
1402 2126 1691 2192 Πτολεμαῖον.

567 2181 668 2225 ”Ότι
711 2180 734 2224 ὁ
784 2181 1022 2253 στρατηγὸς
1058 2179 1283 2236 Ἀντιόχου
1319 2178 1553 2249 Ἀθήναιος
1598 2185 1777 2225 πλεῖστα
1815 2181 1865 2226 εν

461 2244 557 2290 ταῖς
578 2239 885 2293 επισταθμίαις
905 2238 1188 2309 εἰργασμένος
1217 2253 1352 2286 κακα,
1383 2240 1459 2292 τῆς
1480 2241 1626 2308 φυγῆς
1646 2238 1864 2295 κατάρξας

375 2300 431 2346 95
462 2297 539 2340 καὶ
567 2295 647 2340 τὸν
673 2294 898 2350 Ἀντίοχον
934 2293 1260 2364 ἐγκαταλιπών,
1298 2296 1379 2363 τῆς
1400 2294 1705 2366 προςηκούσης
1734 2313 1864 2340 κατα-

459 2356 661 2426 στροφῆς
701 2352 835 2407 ε’τυχε.
875 2350 1179 2403 διεκπεσόντος
1204 2367 1290 2407 γαρ
1322 2349 1463 2394 αὐτοῦ
1474 2350 1597 2421 πρός
1626 2368 1749 2404 τινας
1780 2352 1863 2397 κώ-

460 2428 546 2467 μας
573 2408 839 2483 η’δικημένας
868 2408 916 2451 έν
947 2413 1042 2460 ταῖς
1072 2408 1398 2463 ἐπισταθμίαις,
1430 2405 1578 2459 ου’δεὶς
1606 2407 1746 2453 αὐτόν
1775 2410 1862 2454 εδέ-

460 2469 563 2520 ξατο
595 2468 655 2517 εἰς
686 2467 831 2509 οἰκίαν
862 2463 967 2509 οὐδε
997 2470 1168 2521 τροφῆς
1197 2464 1459 2521 μετέδωκεν,
1499 2463 1608 2509 οἷλλα
1638 2465 1749 2510 κατὰ
1778 2466 1860 2525 τὴν

458 2524 610 2596 χώραν
641 2521 863 2593 ἀλώμενος
894 2526 1009 2578 λιμῷ
1039 2523 1302 2576 κατέστρεψε
1330 2522 1410 2565 τὸν
1438 2523 1551 2577 βίον.

348 2590 431 2631 100
565 2580 664 2624 Ὀτι
694 2578 950 2629 ἀποσταλεὶς
977 2580 1098 2635 παρὰ
1129 2580 1408 2648 Πτολεμαίου
1447 2583 1529 2622 τοῦ
1539 2581 1858 2651 πρεσβυτέρου

456 2637 690 2695 Ἡγέλοχος
719 2634 958 2693 στρατηγός
980 2636 1050 2680 ἐπὶ
1068 2636 1294 2694 Μαρσύαν
1318 2634 1398 2680 τὸν
1425 2652 1515 2681 των
1539 2634 1858 2694 Ἀλεξανδρέων

458 2766 518 2801 Gi.
541 2761 744 2809 ἐνεπύριζε]
771 2761 932 2807 ενέπριζε
956 2763 987 2796 V

553 2824 633 2860 603.
660 2823 717 2858 81.
743 2817 938 2867 ἀρκεσθεὶς
953 2821 1130 2866 Valesius,
1155 2819 1327 2868 ἀρεσθεὶς
1349 2822 1382 2855 V
1497 2821 1555 2857 97.
1585 2818 1690 2866 οὐδὲ]
1714 2817 1801 2857 οὔτε
1821 2821 1854 2856 V
