1968 3346
177 182 476 228 EXCERPTA
504 182 575 223 DE
604 179 755 222 VIRT.
781 178 859 220 ΕΤ
882 177 995 219 VIT.
1027 178 1074 219 L.
1094 176 1247 219 XXVI.
1255 176 1450 219 -XXX.
1479 180 1564 222 105

176 295 363 348 πατέρας
407 291 631 362 ωμότητος
667 288 1096 359 ἀναμιμνησκόμενοι
1133 287 1428 344 χαλεπώτατοι
1471 293 1565 341 τοῖς

178 352 498 424 Καρχηδονίοις
528 347 726 404 πολέμιοι
753 345 1108 415 καθεστήκεισαν.

279 408 377 451 ‘'Ou
408 405 491 450 οὐκ
518 408 631 448 εἴασε
653 405 731 458 τὴν
751 406 832 446 τοῦ
861 400 1024 454 ἀνδρὸς
1053 399 1230 456 ἀρετήν,
1259 402 1370 459 φημὶ
1395 400 1454 471 δὴ
1481 403 1563 444 τοῦ

176 464 470 537 Ἀσδρούβου,
511 460 876 529 ἀνεπισήμαντον,
916 456 1028 500 ἀλλά
1065 469 1222 512 φησιν,
1264 462 1319 514 ἠν
1355 457 1438 529 γὰρ
1465 458 1564 509 υἱὸς

176 520 381 575 Ἀμίλκου
421 522 502 562 τοῦ
542 518 695 569 Βάρκα
737 516 826 585 μὲν
855 515 1227 569 ἐπικαλουμένου,
1274 518 1478 571 μεγίστην
1519 516 1564 558 δὲ
1592 522 1649 564 30

181 577 315 630 δόξαν
343 575 572 632 ἐσχηκότος
599 590 689 616 των
717 571 826 617 καθ’
856 571 1026 614 ἑαυτόν.
1056 572 1129 614 καὶ
1157 570 1242 625 γὰρ
1272 572 1319 614 ἐν
1347 576 1408 627 τῷ
1438 576 1566 614 Σικε-

180 639 285 692 λικῷ
322 633 497 689 πολέμῳ
544 629 680 686 μόνος
729 633 817 672 τῶν
861 627 1090 683 ἡγεμόνων
1139 628 1349 678 πολλάκις
1395 628 1565 684 ἐνίκησε

175 680 437 745 Ῥωμαίους,
474 687 550 731 καὶ
582 687 664 729 τὸν
696 683 911 756 ἐμφύλιον
946 683 1147 727 καθελών
1175 683 1366 753 πόλεμον
1394 689 1567 738 πρῶτος

181 749 399 816 διεβίβασε
429 744 620 797 δύναμιν
656 743 716 794 εἰς
742 740 944 797 Ἰβηρίαν.
990 739 1196 784 τοιούτου
1233 739 1277 784 6'
1310 739 1374 783 ὠν
1402 740 1567 794 πατρὸς
1596 749 1653 791 35

182 801 266 848 οὐκ
295 801 475 853 ἀνάξιον
504 799 664 843 ἑαυτὸν
701 801 927 853 παρείχετο
964 814 1040 852 της
1080 798 1250 840 ἐκείνου
1288 796 1426 866 δόξης.
1469 796 1570 852 ὁμο-

180 860 461 914 λογουμένως
488 874 573 912 γαρ
603 856 781 925 ἄριστος
809 872 865 910 ην
895 853 1190 926 στρατηλάτης
1221 853 1428 897 απάντων
1451 857 1572 909 Καρ-

176 917 399 988 χηδονίων
428 929 531 982 μετα
573 913 651 956 τὸν
693 910 886 966 ἀδελφὸν
912 910 1134 965 Ἀννίβαν·
1185 911 1253 953 διὸ
1289 911 1364 954 καὶ
1402 914 1493 953 τῶν
1524 913 1572 958 ἐν

176 971 342 1041 Ἰβηρία
371 970 619 1040 δυνάμεων
622 968 896 1037 Ἀσδρούβαν
923 967 1149 1011 κατέλιπεν
1175 966 1381 1023 ἡγεμόνα.
1408 971 1574 1022 πολλὰς

182 1030 230 1073 δὲ
257 1028 397 1099 μάχας
426 1024 750 1082 ἀγωνισάμενος
777 1041 887 1068 κατα
916 1040 997 1080 την
1020 1023 1235 1080 Ιβηρίαν,
1265 1025 1339 1067 καὶ
1361 1023 1434 1067 δια
1463 1040 1570 1070 παν-
1598 1034 1654 1076 40

180 1084 259 1136 τός
295 1084 343 1128 ἐκ
390 1088 480 1127 τῶν
516 1083 825 1150 ἐλαττωμάτων
864 1080 1186 1149 ἀναλαμβάνων
1224 1079 1301 1132 τοὶς
1347 1080 1571 1153 δυνάμεις,

180 1142 370 1191 πολλοὺς
405 1141 479 1184 καὶ
506 1141 748 1190 παντοίους
774 1137 977 1208 ὑπέμεινε
1004 1136 1258 1188 κινδύνους.
1295 1138 1370 1181 καὶ
1402 1139 1462 1189 εἰς
1479 1142 1572 1208 τήν

181 1197 411 1268 μεσόγειον
451 1195 741 1252 ἀποδιωχθεις
780 1194 854 1239 δια
901 1211 982 1250 την
1021 1196 1140 1238 ἰδίαν
1183 1192 1342 1266 ἀρετην
1381 1194 1574 1254 μεγάλην

177 1254 367 1327 ἤθροισε
419 1253 632 1310 δύναμιν,
677 1253 753 1301 καὶ
800 1225 1078 1310 παρεγενήθη
1130 1250 1240 1307 παρ’
1293 1252 1468 1305 ἐλπίδας
1511 1256 1574 1307 εἰς

177 1310 375 1355 Ἰταλίαν.
1600 1315 1656 1359 45

116 1386 185 1422 570
287 1367 387 1412 Ότι
420 1364 566 1436 Νάβις
597 1365 620 1410 6
655 1365 875 1421 τύραννος
909 1381 999 1409 των
1028 1366 1391 1434 Λακεδαιμονίων
1431 1365 1574 1413 ἀνεῖλε

187 1424 369 1469 Πέλοπα
411 1423 490 1468 τὸν
528 1422 796 1493 Λυκούργου
837 1423 916 1479 μὲν
955 1426 1037 1466 τοῦ
1077 1421 1414 1492 βασιλεύσαντος
1456 1424 1574 1477 υἱόν,

183 1484 320 1526 παῖδα
360 1480 409 1525 δε
444 1480 540 1549 τήν
560 1478 752 1551 nimivm,
773 1480 902 1524 ὄντα·
957 1479 1180 1549 εὐλαβεῖτο
1219 1497 1304 1535 γαρ
1344 1480 1510 1537 μήποτε
1549 1481 1574 1526 6

183 1544 289 1589 παῖς
318 1536 674 1609 παραγενόμενος
717 1538 775 1586 εἰς
814 1534 992 1591 ἡλικίαν
1033 1534 1368 1606 ἀποκαταστήση
1381 1554 1451 1607 τη
1487 1553 1576 1581 πα-

184 1597 302 1651 τρίδι
329 1594 418 1664 τὴν
437 1594 711 1662 ελευθερίαν,
742 1591 1210 1648 πεφρονηματισμένος
1238 1593 1311 1636 διὰ
1340 1592 1420 1649 τήν
1450 1593 1574 1649 εὕγέ-
1604 1603 1660 1646 50

185 1668 320 1696 νειαν
363 1648 496 1701 αὐτὸς
535 1650 580 1694 δε
609 1649 714 1701 τοὺς
749 1649 1055 1716 χαριεστάτους
1094 1653 1183 1692 τῶν
1212 1652 1576 1719 Λακεδαιμονίων

188 1707 490 1763 επιλεγόμενος
519 1705 694 1777 ἀνῄρει,
723 1707 797 1749 καὶ
826 1704 1135 1773 μισθοφόρους
1164 1706 1440 1762 πανταχόθεν
1469 1707 1576 1759 τούς

188 1766 440 1833 χειρίστους
461 1763 685 1833 συνήγαγε
708 1761 909 1817 φύλακας
937 1767 1014 1817 τῆς
1044 1764 1314 1813 δυναστείας.
1345 1764 1497 1819 διόπερ
1530 1765 1578 1808 ἐκ

188 1823 354 1872 παντὸς
391 1819 533 1863 τόπου
583 1819 822 1872 συνέρρεον
863 1820 922 1870 εἰς
962 1819 1043 1873 τὴν
1084 1817 1295 1888 Σπάρτην
1328 1820 1576 1889 ἱερόσυλοι,
1607 1830 1663 1875 55

190 1894 360 1935 φωρες,
390 1877 558 1932 λησταί,
587 1875 818 1919 κατάδικοι
846 1875 1060 1919 θανάτου.
1093 1873 1260 1930 ἀσεβως
1288 1893 1371 1947 γαρ
1398 1878 1479 1934 τὴν
1507 1894 1578 1921 τυ-

191 1937 377 1988 ραννίδα
406 1932 798 2003 περιποιησάμενος
832 1931 922 1976 ὑπὸ
959 1931 1110 1989 μόνων
1138 1931 1308 1976 τούτων
1336 1934 1480 1990 ἤλπιζε
1510 1938 1579 1992 βε-

190 1990 402 2063 βαιότατα
430 1990 772 2044 τηρηθήσεσθαι.

291 2047 392 2091 Ὀτι
421 2050 588 2102 Κρῆτες
624 2047 785 2089 ναυσὶν
825 2045 931 2089 ἑπτα
969 2045 1240 2100 πειρατεύειν
1269 2046 1578 2119 ἐπιβαλόμενοι
1606 2061 1663 2101 60

191 2121 282 2148 των
310 2103 532 2148 πλεόντων
570 2103 818 2173 ἐλῃστευον
843 2101 927 2146 οὐκ
957 2101 1144 2172 ὀλίγους.
1186 2102 1256 2146 διὸ
1287 2105 1362 2147 καὶ
1390 2121 1480 2147 των
1508 2104 1578 2159 ἐμ-

193 2161 345 2216 πόρων
381 2158 723 2230 ἀθυμούντων,
750 2157 912 2202 Ῥόδιοι
956 2159 1066 2214 πρὸς
1105 2157 1269 2211 αὐτούς
1311 2160 1579 2232 τάδικήματα

193 2220 452 2273 νομίσαντες
480 2217 597 2286 ήξειν
638 2215 750 2286 πρὸς
776 2215 882 2267 τούς
901 2219 1079 2271 Κρῆτας
1107 2216 1300 2272 πόλεμον
1330 2217 1577 2273 εξήνεγκαν.

295 2275 395 2318 ’Ὅτι
416 2273 686 2341 Πλημήνιος
698 2272 722 2317 6
738 2274 1026 2342 κατασταθεὶς
1048 2276 1236 2328 Λοκρῶν
1263 2273 1438 2330 ἡγεμών
1460 2274 1580 2327 παρὰ
1607 2285 1666 2329 65

196 2332 446 2382 Σκιπίωνος
476 2330 631 2400 ἀσεβὴς
660 2328 723 2373 ὢν
751 2329 857 2380 τούς
896 2333 971 2384 τῆς
1000 2329 1285 2401 Περσεφόνης
1320 2331 1580 2385 θησαυρούς

197 2386 453 2437 ἀνασπάσας
482 2388 556 2430 καὶ
580 2404 634 2433 τα
655 2387 878 2458 χρήματα
910 2386 1101 2455 συλήσας
1132 2386 1357 2459 ἀπήνεγκε.
1416 2404 1507 2431 των
1536 2388 1583 2430 δε

196 2448 387 2496 Λοκρων
418 2441 785 2498 ἀγανακτούντων
814 2443 883 2486 ἐπὶ
911 2443 1106 2496 τούτοις,
1148 2445 1221 2488 καὶ
1254 2445 1333 2499 τὴν
1371 2461 1461 2488 των
1485 2444 1585 2487 Ῥω-

198 2503 341 2556 μαίων
370 2498 741 2554 ἀνακαλουμένων
769 2503 927 2552 πίστιν,
960 2500 1053 2543 δύω
1083 2516 1172 2543 των
1201 2500 1437 2557 χιλιάρχων
1465 2512 1585 2570 μισο-

199 2562 411 2613 πονηρεῖν
439 2556 508 2600 επὶ
535 2573 626 2607 τοις
655 2555 888 2612 ἀδικήμασι
922 2557 1322 2627 προςεποιήθησαν
1369 2562 1503 2602 τοῦτο
1535 2557 1582 2599 δὲ
1610 2566 1667 2606 70

199 2614 414 2667 ε’πραττον
450 2613 531 2657 οὐκ
563 2613 631 2656 ἐπὶ
660 2617 750 2663 τοῖς
786 2613 1034 2668 γινομένοις
1072 2613 1442 2669 ἀγανακτοῦντες,
1484 2611 1579 2656 ἀλλ’

200 2669 267 2715 ἐπὶ
299 2674 361 2727 τῷ
389 2669 438 2714 τὸ
468 2670 600 2726 μέρος
629 2670 688 2727 μὴ
719 2670 942 2726 εἰληφέναι
966 2674 1055 2714 τῶν
1086 2671 1390 2730 σεσυλημένων
1420 2668 1582 2729 χρημαὶ

292 2794 370 2829 570.
396 2795 453 2829 71.
478 2790 698 2841 γινομένοις]
726 2795 841 2840 aptius
863 2796 999 2832 videtur
1019 2796 1233 2842 γενομένοις
