1968 3346
80 369 126 404 12

77 1584 123 1620 14

366 244 665 290 EXCERPTA
691 243 978 288 VATchNA
1005 243 1293 288 L.V11.——X.
1463 251 1520 290 15

247 360 340 402 XV.
376 355 476 401 “On
501 354 796 412 Ἀριστοτέλης
826 355 850 400 6
880 356 969 426 uoci,P
985 355 1152 408 Βάττος
1189 358 1333 401 κτίσαι
1361 357 1520 414 βουλό-

75 444 83 447 ⁷
137 432 268 474 μενος
297 413 513 486 Κυρήνην
543 414 687 482 ἔλαβε
695 412 893 483 χρησμὸν
923 412 1076 463 οὕτως,

223 470 364 523 Βάττ’,
395 471 464 514 ἐπὶ
483 468 641 539 φωνήν
659 471 816 525 ἦλθες·
845 468 954 521 ἄναξ
978 470 1023 512 δέ
1050 480 1096 512 σε
1115 472 1280 538 Φοῖβος
1297 468 1518 513 Ἀπόλλων

221 532 282 579 εἰς
310 527 482 601 Λιβύην
509 526 666 582 πέμπει
692 525 1037 581 καλλιστέφανον
1066 525 1276 595 Κυρήνης

220 583 389 640 εὐρείης
419 583 564 637 ἄρχειν
593 583 666 625 καὶ
696 583 807 638 ἔχειν
835 584 1067 652 βασιληίδα
1099 580 1240 636 τιμήν.
1549 591 1575 628 5

220 643 332 686 ἔνθα
361 653 408 683 σε
438 640 657 695 βάρβαροι
688 639 864 692 ἄνδρες,
895 638 1003 681 ἐπὰν
1016 638 1211 708 Λιβύης
1229 637 1432 710 ἐπιβήῃς,

217 695 504 767 Βαττοφόρόι
533 696 730 739 ἐπιοῦσι·
764 695 818 739 σύ
850 693 893 739 δ’
925 694 1158 765 ευχόμενος
1186 689 1389 763 ηρανίοιο

220 752 420 798 Παλλάδι
449 751 489 795 τ’
521 751 735 821 ἐγρεμάχη
764 751 1038 823 γλαυκώπιδι
1066 752 1138 795 καὶ
1167 750 1280 802 Λιος
1307 753 1393 808 υἷςό

218 812 375 882 Φοίβῳ
401 807 670 865 ἀκερσεκόμῃ
702 811 830 864 νίκην
863 808 1118 876 ὑποχείριον
1148 808 1275 859 ἕξεις,

216 866 291 911 καὶ
319 866 528 936 μάκαρος
546 866 715 935 Λιβύης
743 864 1097 920 καλλιστεφάνου
1127 863 1398 936 βασιλεύσεις
1522 873 1575 911 10

218 922 352 975 αὐτὸς
379 924 454 967 καὶ
482 922 608 979 γένος
637 920 774 978 οἷμόν“
806 922 901 978 ἄγει
931 922 978 966 δέ
1008 934 1054 965 σε
1075 925 1241 977 Φοῖβος
1256 920 1490 964 Ἀπόλλων.

128 998 180 1047 ‘O
208 1001 382 1059 φθόνος
410 1006 622 1054 καθαιρεῖ
648 1001 754 1053 τούς
781 1007 875 1053 ταῖς
905 1000 1053 1052 δόξαις
1077 999 1396 1055 πρωτεύοντας.

247 1071 360 1113 XVI.
405 1069 504 1112 Ὀτι
543 1070 588 1112 οἱ
626 1069 796 1122 Λοκροὶ
834 1068 1030 1123 ἔπεμψαν
1070 1071 1130 1119 εἷς
1168 1066 1381 1124 Σπάρτην
1419 1067 1520 1121 περὶ

135 1128 379 1183 συμμαχίας
400 1123 692 1182 δεόμενοι.οἷ
720 1126 766 1169 δὲ
773 1125 1130 1196 Λακεδαιμόνιοι
1159 1125 1208 1169 τό
1238 1126 1424 1194 μέγεθος
1442 1142 1520 1181 της

133 1187 460 1253 Κροτωνιατῶν
502 1183 728 1238 δυνάμεως
759 1199 994 1233 ακουοντες
1024 1181 1164 1235 ω’ςπερ
1195 1180 1574 1252 άφοσιουμενοι15

130 1241 206 1285 καὶ
236 1238 401 1309 μόνως
413 1238 470 1282 ἂν
499 1239 616 1282 οὕτω
648 1237 880 1282 σωθέντων
898 1243 1084 1293 Λοκρῶν
1112 1237 1416 1309 απεκρίθησαν
1443 1255 1520 1281 αυ-

130 1302 224 1348 τοῖς
253 1294 509 1352 συμμάχους
539 1295 710 1339 διδόναι
733 1312 838 1346 τους
862 1298 1223 1351 Τυνδαρίδας.οἷ
1244 1295 1290 1339 δὲ
1317 1294 1519 1365 πρέσβεις

131 1356 215 1398 εἴτε
244 1355 432 1422 προνοία
461 1356 573 1396 θεοῦ
604 1354 685 1395 εἴτε
722 1351 769 1396 τὸ
797 1353 941 1422 ρηθὲν
979 1351 1288 1408 οἰωνισάμενοι
1316 1351 1519 1405 προςεδέ-

131 1412 262 1462 ξαντο
310 1427 393 1466 την
437 1408 654 1466 βοήθειαν
702 1407 808 1462 παρ’
852 1407 1001 1452 αὐτῶν
1044 1409 1119 1452 καὶ
1156 1407 1520 1481 καλλιερήσαντες

130 1467 355 1521 ε’στρωσαν
403 1471 498 1516 τοῖς
536 1465 829 1519 Διοςκούροις
873 1467 1027 1522 κλίνην
1067 1465 1136 1509 ἐπὶ
1178 1469 1254 1521 τῆς
1298 1466 1405 1522 νηὸς
1442 1466 1575 1514 καὶ20

131 1522 409 1568 ἀπέπλευσαν
438 1522 508 1565 ἐπὶ
535 1521 616 1578 τὴν
643 1523 842 1576 πατρίδα.

243 1578 441 1629 ποταπάς
471 1578 517 1621 δὲ
546 1578 688 1634 ψυχας
706 1579 815 1629 ἕξειν
833 1594 939 1629 τους
963 1576 1408 1648 συνηκολουθηκότας
1430 1593 1519 1621 πα-

131 1635 284 1694 τέρας,
326 1635 432 1680 ὅταν
463 1634 649 1690 ὁρωντες
678 1634 783 1686 τούς
813 1635 983 1678 ἑαυτῶν
1011 1634 1139 1686 υἱούς
1167 1633 1256 1679 υπὸ
1285 1651 1376 1678 των
1406 1638 1519 1692 βαρ-

271 1728 326 1763 15.
350 1724 385 1761 4.
425 1725 491 1769 εἰς]
518 1723 554 1766 ἐς
578 1727 780 1760 Herodotus
801 1734 835 1759 et
854 1727 993 1760 Tzetza.

270 1774 324 1808 15.
349 1772 382 1807 4.
418 1757 573 1817 Λιβύην]
603 1773 688 1806 Cod.
708 1773 859 1816 Λυκίην.
891 1775 997 1806 Error
1015 1773 1153 1817 quidem
1171 1784 1193 1805 κ
1213 1784 1276 1816 pro
1297 1772 1322 1816 β
1342 1779 1443 1806 natus
1463 1778 1518 1806 est

178 1835 197 1856 a
216 1820 445 1854 similitudine
464 1821 654 1852 formarum
675 1820 866 1859 maiorum,
892 1821 930 1853 K
946 1827 980 1852 et
1000 1821 1050 1860 B,
1078 1819 1202 1863 quibus
1225 1820 1308 1851 olim
1328 1819 1519 1852 exaraban-

175 1867 504 1960 ῐιιτέοάὶοῗνεῖΑΙΙῑο
525 1866 563 1899 in
587 1865 805 1910 dionysianis
826 1867 1032 1910 fragmentis
1053 1865 1272 1898 scribebatur
1293 1862 1433 1905 Φάκιος
1449 1877 1516 1910 pro

179 1911 237 1948 Φά
265 1924 320 1951 ιος

270 1959 324 1993 15
350 1959 382 1992 6.
417 1953 601 2013 ἓπιβήῃς]
617 1953 787 2001 ἐπιβαίης
811 1957 865 1990 ed.
891 1958 994 1990 Rom.

269 2004 324 2039 15.
350 2005 384 2038 7.
410 2000 601 2045 ἐπιοῦσι]’
585 2003 729 2037 επίασιε
750 2005 780 2036 si
797 2003 903 2036 modo
921 2004 1146 2047 incorruptae
1159 2009 1240 2036 sunt
1255 2002 1344 2036 haec
1361 2008 1396 2036 et
1411 2014 1517 2047 prae-

174 2051 304 2085 cedens
324 2062 406 2083 vox.

270 2096 325 2131 15.
349 2097 384 2130 7.
420 2093 464 2129 σῦ
488 2090 529 2129 δ’
551 2090 762 2138 ευχὸμενος]
789 2089 878 2129 οὐδ’
899 2091 1099 2138 ευχόμενον
1120 2095 1175 2129 ed.
1196 2096 1297 2129 Rom
1321 2096 1407 2128 Mox
1426 2092 1518 2138 ἠρα-

174 2142 273 2177 victo
301 2144 451 2175 fortasse
472 2141 538 2173 fuit
556 2141 753 2182 Κρονίωνι.

269 2188 323 2223 15.
350 2189 382 2222 8.
409 2184 599 2231 ἐγρεμάχῃ]
628 2189 710 2221 Cod.
731 2182 937 2242 ἕγριμοῖχης.
954 2187 1067 2228 ΜΑΙ,
1088 2187 1145 2231 qui
1164 2187 1305 2232 scripsit
1323 2183 1517 2230 ἔγριμάχῳ.

268 2234 323 2268 15.
349 2236 383 2269 9.
406 2231 634 2276 ὑποχείριον]
661 2234 747 2266 eod.
767 2228 1011 2277 υπερχείριον.
1047 2233 1146 2265 ΜΑΙ.

269 2280 323 2314 15.
350 2281 405 2314 10
429 2278 666 2334 λιστεφάνου]
695 2281 821 2324 incipit
837 2280 968 2314 codicis
985 2293 1020 2325 p·
1034 2277 1116 2313 345.
1140 2278 1223 2313 Mox
1237 2278 1388 2313 scribam
1406 2273 1517 2322 ὑμόν.

270 2326 326 2361 15.
351 2327 406 2360 16.
442 2322 556 2370 οὕτω]
583 2321 703 2366 οὕτως
727 2326 782 2360 ed.
806 2328 907 2360 Rom.

209 2414 266 2450 15.
290 2416 324 2449 2.
366 2417 459 2450 Rem
488 2416 586 2460 ponit
616 2416 789 2450 Eusebius
827 2416 864 2450 in
897 2414 1109 2460 Olympiade
1131 2414 1184 2455 V;
1225 2416 1300 2448 tum
1328 2424 1450 2448 rursus
1478 2412 1517 2448 in

129 2461 261 2507 olymp.
284 2461 473 2503 XXXV113
509 2474 573 2506 pro
595 2463 733 2497 diversa
761 2461 894 2497 scilicet
923 2462 1170 2496 historicorum
1192 2460 1372 2495 sententia.
1418 2460 1517 2494 Idem

129 2508 300 2543 Eusebius
322 2509 503 2542 oraculum
525 2512 787 2543 commemorat.

223 2553 279 2588 15.
303 2553 338 2589 3.
363 2554 501 2598 Quippe
518 2555 644 2589 Battus
661 2555 844 2588 oraculum
866 2554 1089 2588 consuluerat
1109 2552 1152 2586 de
1172 2563 1260 2586 voce
1282 2550 1516 2594 acquirenda,

129 2604 205 2635 erat
229 2600 321 2634 enim
345 2599 474 2645 exigua
496 2612 583 2634 voce
605 2600 779 2644 praeditus
801 2604 835 2633 et
857 2599 1069 2641 balbutiens,
1100 2603 1138 2632 ut
1162 2597 1211 2632 ait
1234 2598 1432 2631 Herodotus
1450 2598 1514 2630 IV.

129 2647 217 2688 1553
254 2647 378 2690 Apollo
402 2651 516 2680 autem
540 2658 688 2690 regnum
713 2657 848 2689 quoque
871 2646 907 2679 in
929 2646 1045 2689 Libya
1067 2644 1283 2678 fundandum
1307 2642 1362 2676 ini
1384 2643 1516 2676 vatici-

129 2697 241 2728 natur.
288 2694 411 2726 Battus
440 2692 594 2736 Βὶὴ5διιε
625 2704 745 2736 regem
777 2693 934 2726 sonabat.
980 2692 1027 2735 P)
1027 2691 1113 2724 thia
1141 2701 1226 2724 vero
1258 2690 1516 2732 προληπτικως

128 2738 245 2772 locuta
268 2742 328 2772 est.
376 2739 422 2771 At
438 2738 585 2773 Tzetzes
607 2739 772 2774 cl1u.V1.
795 2737 876 2772 345.
922 2738 1069 2772 Battum
1094 2747 1116 2770 a
1137 2736 1232 2770 vocis
1262 2735 1516 2781 βατταρισμοῦ

129 2784 326 2819 dictitatum
350 2784 410 2817 ait.
444 2784 542 2817 MAI.

222 2830 279 2866 15.
303 2830 336 2865 4.
370 2831 451 2863 Huc
474 2841 585 2873 usque
608 2832 701 2863 extat
723 2829 905 2862 oraculum
930 2829 1024 2873 apud
1046 2828 1205 2862 Herodot
1225 2827 1285 2862 IV.
1314 2826 1394 2861 155.
1442 2827 1514 2860 Re-

129 2874 226 2918 liqua
248 2888 360 2919 neque
384 2877 475 2920 apud
499 2876 718 2911 Herodotum
747 2878 929 2911 occurrunt
949 2886 1062 2920 neque
1083 2874 1177 2919 apud
1199 2873 1378 2909 Tzetzem.
1413 2873 1512 2908 MAI.
