1968 3346
432 227 733 278 EXCERPTA
762 226 1051 269 VATICANA
1078 226 1127 266 1..
1152 226 1242 267 XL.
1441 228 1527 268 143

138 344 220 390 τὸν
248 341 478 399 ἐλέγχοντα
511 337 647 394 λόγον
683 337 764 394 τὴν
801 337 990 393 ἄγνοιαν
1019 337 1239 382 ἐκθέσθαι.
1288 335 1337 380 ἐν
1379 347 1528 380 τεσσα-

141 402 336 457 ράκοντα
367 397 452 454 γὰρ
482 397 652 453 βίβλοις
683 394 1007 452 περιειληφότες
1042 394 1124 451 τήν
1152 395 1451 450 πραγματείαν
1480 393 1529 436 ἐν

141 459 221 515 μὲν
249 458 294 509 ἓξ
322 461 417 506 ταῖς
445 452 641 506 πρώταις
660 451 969 508 ἀνεγράψαμεν
989 450 1066 502 τὰς
1094 450 1181 505 πρὸ
1204 455 1295 494 τῶν
1319 454 1529 505 Τρωικῶν

141 513 318 570 πράξεις
354 528 399 555 τε
428 511 504 554 καὶ
540 511 837 565 μυθολογίας,
877 510 951 552 καὶ
986 509 1092 559 τούς
1121 507 1309 563 χρόνους
1342 508 1530 558 τούτους

140 572 212 617 ἐπ’
245 569 468 624 ἀκριβείας
497 567 552 611 οὐ
584 565 883 623 διωρισάμεθα
914 564 988 610 διὰ
1016 565 1066 609 τὸ
1097 565 1234 622 μηδὲν
1259 564 1531 622 παράπηγμα
1561 567 1587 611 5

140 628 239 684 περὶ
268 626 441 671 τούτων
467 623 795 680 παρειληφέναι.

281 751 360 789 143.
387 752 422 787 3.
453 748 509 794 ἓξ]
541 750 639 784 abest
663 752 706 784 ab
730 750 785 785 ed.
810 751 912 784 Rom.

283 799 361 835 143.
386 799 420 833 5.
451 795 724 841 διωρισάμεθα]
755 795 1008 840 διορισαίμεθα
1032 796 1088 831 ed.
1110 798 1214 831 Rom.

282 845 360 880 143.
384 845 418 880 5.
457 843 701 889 παράπηγμα]
736 842 970 887 παράδειγμα
1003 845 1057 877 ed.
1094 845 1216 877 Rom.:
1262 848 1458 876 correctum
1493 853 1534 875 ex

190 893 339 927 Diodori
367 892 398 924 I.
432 891 464 925 5.
518 894 701 924 Caeterum
733 892 769 924 in
803 902 913 933 παρει
947 891 1078 923 desinit
1111 890 1244 923 codicis
1279 903 1311 933 p.
1336 888 1439 923 260.:
1479 890 1534 920 cui

190 940 360 973 vocabulo
389 938 485 984 quod
509 938 632 971 deerat
655 938 814 982 supplevi
836 937 1014 980 indidem3
1048 938 1223 981 παρεῖναι
1245 936 1354 969 tacite
1378 936 1535 981 scripse-

192 994 247 1020 rat
270 986 398 1018 Maius.

238 1097 318 1131 1⁴3.
344 1095 378 1130 4.
417 1097 498 1130 Hoc
525 1094 642 1139 ipsum
675 1094 810 1128 dixerat
832 1094 1005 1129 Diodorus
1035 1095 1072 1129 in
1101 1093 1308 1138 prohoemio
1340 1093 1433 1127 edito
1457 1102 1534 1137 cap.

145 1145 198 1186 V3
230 1144 430 1186 ibidemque
458 1141 640 1175 addiderat
661 1153 697 1174 se
720 1141 891 1175 historiae
913 1153 997 1175 suae
1018 1142 1123 1175 finem
1155 1141 1279 1175 fecisse
1303 1144 1383 1174 ante
1405 1150 1537 1173 annum

145 1192 299 1237 primum
323 1187 532 1233 olympiadis
557 1188 736 1229 CLXXX,
762 1188 821 1230 qui
845 1193 897 1222 est
920 1188 1015 1221 urbis
1038 1188 1197 1221 conditae
1221 1199 1329 1221 annus
1352 1186 1538 1221 Dcxclv.

145 1236 255 1280 Atqui
282 1235 482 1269 vaticanum
506 1233 653 1268 Diodori
682 1239 881 1278 excerptum
913 1234 1145 1277 penultimum
1170 1239 1330 1267 versatur
1353 1233 1390 1265 in
1413 1232 1540 1266 Catili-

147 1294 214 1317 nae
236 1283 361 1321 rebus,
393 1280 491 1313 cuius
515 1279 711 1313 coniuratio
744 1279 959 1323 deprehensa
989 1291 1080 1313 anno
1104 1281 1262 1321 DCXCI,
1296 1290 1460 1322 oppressa
1483 1290 1538 1311 se-

149 1332 276 1372 quente
298 1337 390 1360 anno
411 1326 578 1361 Dcxcn.
626 1325 721 1359 Tum
744 1325 874 1360 ibidem
905 1327 1081 1370 praeeedit
1112 1326 1344 1369 (quamquam
1374 1323 1540 1367 subsequi

151 1374 288 1417 debuit)
314 1372 472 1416 Pompeii
495 1372 712 1415 triumphus,
749 1372 809 1415 qni
832 1373 954 1406 ductus
978 1376 1030 1405 est
1051 1372 1178 1407 Pisone
1202 1377 1235 1406 et
1257 1371 1409 1405 Messala
1440 1381 1541 1411 coss,

150 1425 192 1455 ut
214 1420 266 1454 ait
288 1418 425 1452 Plinius
449 1419 521 1451 Vll.
547 1424 627 1452 sect.
650 1418 723 1457 26,
758 1429 848 1452 anno
873 1419 1056 1454 ncxclv.
1103 1419 1202 1463 Ergo
1224 1429 1346 1460 reapse
1376 1417 1541 1450 vaticana.

151 1470 314 1509 excerpta
337 1476 359 1498 a
377 1464 526 1508 septimo
542 1464 688 1498 Diodori
709 1464 801 1498 libro
824 1477 933 1508 usque
955 1466 1000 1498 ad
1024 1466 1200 1509 expletum
1217 1464 1540 1509 quadragesimum,

151 1512 189 1547 id
212 1517 264 1546 est
286 1522 394 1554 usque
416 1512 460 1544 ad
484 1511 651 1545 historiae
672 1511 798 1553 finem,
821 1511 1032 1555 pertingunt.
1067 1511 1165 1545 MAI.

245 1557 325 1591 143,
349 1557 384 1590 6.
422 1558 611 1600 παρεῖναι]
642 1556 781 1589 Folium
815 1557 978 1591 ultimum
1005 1557 1240 1601 quaternionis
1267 1556 1373 1590 huius
1395 1555 1542 1599 periisse

151 1604 225 1638 iam
241 1603 392 1637 diximus
406 1615 439 1647 p.
452 1604 532 1637 122.
550 1604 580 1636 1.
598 1603 668 1646 (ed.
680 1602 794 1646 Lips.)
825 1603 932 1647 Atqui
947 1603 1130 1637 minimam
1147 1609 1280 1647 partem
1296 1603 1541 1637 vaticanorum

148 1649 296 1685 Diodori
327 1653 570 1693 excerptorum
599 1660 663 1683 nos
695 1649 731 1683 in
761 1650 830 1683 hac
863 1651 990 1684 lacuna
1022 1650 1181 1684 amisisse
1204 1649 1294 1683 mihi
1318 1650 1541 1693 exploratum

150 1701 223 1737 est3
256 1707 338 1730 nam
372 1700 586 1739 postremum
617 1696 686 1729 hoc
716 1701 917 1739 excerptum
951 1708 993 1729 ex
1025 1697 1099 1737 ipsa
1124 1695 1348 1729 diodor-ianae
1370 1694 1542 1728 historiae

149 1743 307 1777 clausula
329 1753 391 1776 seu
413 1742 553 1788 epilogo
577 1741 786 1784 desumitur,
813 1748 850 1775 ut
874 1744 1017 1775 lectores
1034 1743 1140 1776 facile
1157 1743 1319 1776 sentiunt.
1366 1741 1541 1775 Existimo

148 1788 262 1834 igitur
283 1788 319 1821 in
342 1788 462 1822 amissi
484 1788 563 1822 folii
587 1788 705 1832 priore
728 1788 868 1822 omuino
892 1788 1042 1832 pagina,
1067 1794 1102 1823 et
1126 1790 1274 1822 fortasse
1294 1788 1387 1822 intra
1411 1797 1543 1831 paucos

148 1846 271 1868 versus
293 1834 459 1868 desivisse
481 1834 626 1868 Diodori
650 1833 814 1867 vaticana
837 1839 1021 1877 exeerpta3
1053 1835 1104 1870 ita
1127 1839 1166 1869 ut
1188 1846 1270 1868 mox
1293 1833 1482 1878 inceperint
1504 1833 1543 1867 in

150 1881 274 1915 eadem
298 1881 428 1925 pagina
446 1885 507 1914 aut
524 1886 617 1914 certe
634 1880 721 1914 folio
744 1880 871 1914 diversi
887 1892 908 1915 a
925 1881 1081 1915 Diodoro
1103 1881 1261 1915 historici
1285 1884 1446 1923 excerpta
1469 1880 1545 1914 alia.

151 1929 195 1962 ad
221 1927 520 1972 Porphyrogeniti
551 1937 661 1970 aeque
692 1927 931 1960 collectionem
966 1928 1187 1970 pertinentia.
1233 1927 1301 1961 Sed
1332 1927 1425 1960 enim
1457 1937 1543 1970 gra-

152 1973 334 2008 tulandum
368 1974 525 2015 profecto
555 1977 626 2013 est,
662 1974 754 2016 quod
784 1984 866 2016 pars
897 1974 1020 2007 saltem
1056 1973 1221 2017 postremi
1252 1973 1358 2007 huius
1389 1970 1543 2015 excerpti

153 2019 301 2052 exitium
332 2019 494 2052 evaserit.
539 2018 634 2052 Hinc
663 2018 758 2052 enim
782 2020 965 2053 commode
994 2019 1160 2053 discimus
1188 2020 1300 2062 primo
1324 2019 1463 2063 quidem
1487 2030 1542 2051 re-

154 2075 238 2098 vera
253 2065 356 2098 finem
373 2064 450 2098 fieri
466 2064 611 2098 Diodori
637 2068 897 2108 excerptorum3
922 2070 997 2099 tum
1021 2065 1133 2109 ipsam
1159 2067 1326 2099 historiae
1348 2065 1544 2099 clausulam

156 2115 344 2153 utcumque
366 2110 544 2151 videmus3
566 2115 641 2145 tum
663 2112 811 2152 denique
835 2111 1004 2144 iudicium
1029 2112 1180 2146 auctoris
1202 2114 1244 2145 de
1268 2112 1339 2146 suis
1362 2112 1462 2145 libris
1485 2121 1544 2144 co-

154 2156 376 2202 gnoscimus,
399 2168 548 2200 quorum
572 2168 630 2190 sex
654 2156 828 2200 prioribus
852 2158 956 2190 fidem
980 2164 1111 2191 certam
1136 2169 1178 2191 ac
1201 2170 1359 2192 severam
1383 2159 1546 2201 derogat,

155 2207 342 2246 propterea
373 2203 468 2245 quod
502 2207 661 2246 tempora
681 2203 786 2237 nimis
813 2203 956 2247 antiqua
978 2207 1012 2238 et
1046 2204 1260 2238 documentis
1281 2204 1438 2238 carentia
1462 2215 1545 2237 con-

155 2247 300 2283 tineant.
347 2249 448 2282 Unde
481 2260 599 2282 rursus
630 2249 860 2294 intelligimus
894 2261 1000 2294 quam
1035 2251 1139 2283 facile
1163 2255 1362 2294 quantoque
1383 2251 1460 2284 iure
1483 2260 1545 2282 ne-

156 2293 294 2338 gligere
323 2293 431 2329 liceat
462 2295 622 2328 homines
649 2294 754 2339 illos,
795 2296 856 2340 qui
887 2300 926 2330 ut
959 2295 1085 2330 divinis
1110 2296 1218 2330 Mosis
1252 2297 1351 2331 libris
1384 2297 1545 2337 illudant,

156 2340 389 2373 barbarorum
419 2342 630 2384 populorum
661 2341 798 2376 insanas
829 2341 1052 2385 antiqnitates
1084 2343 1279 2377 clamitant.
1325 2345 1373 2377 Et
1405 2343 1546 2386 quidem

158 2385 282 2420 Cicero
306 2386 350 2419 de
371 2386 479 2419 divin.
501 2387 528 2420 1.
553 2387 608 2422 19.
641 2388 744 2432 gravi
768 2387 965 2423 testimonio
986 2389 1186 2423 chaldaicas
1210 2390 1432 2433 antiquitates
1455 2389 1547 2422 iam-

159 2431 220 2465 diu
241 2432 443 2474 damnavit,
475 2443 562 2475 quas
595 2434 653 2466 vel
681 2434 866 2467 stultorum
901 2435 1083 2471 hominum
1117 2436 1172 2469 vel
1202 2447 1372 2470 vanorum
1398 2437 1455 2469 vel
1478 2435 1546 2468 im-

160 2478 381 2521 prudentium
412 2482 613 2512 commenta
641 2481 804 2523 appellat.
852 2481 970 2524 Nuper
993 2492 1075 2514 vero
1098 2482 1386 2526 aegyptiacorum
1409 2492 1547 2526 quoque

162 2529 466 2558 monumentorum
497 2525 608 2558 multo
639 2528 838 2560 accuratius
861 2526 1015 2560 studium
1044 2532 1079 2561 et
1110 2528 1297 2570 eruditius,
1338 2528 1421 2563 satis
1446 2538 1548 2561 coar-

161 2570 241 2614 guit
273 2569 361 2603 nihil
391 2581 464 2604 esse
495 2570 628 2604 sincere
661 2571 868 2606 historicum
902 2576 964 2606 aut
991 2575 1225 2608 monumentis
1257 2576 1548 2619 comprehensum

162 2617 253 2658 apud
278 2616 495 2660 Aegyptios,
529 2618 621 2660 quod
645 2618 839 2652 Abrahami
871 2623 1020 2652 aetatem
1052 2621 1213 2659 excedat3
1257 2632 1279 2653 a
1311 2632 1381 2664 qua
1414 2620 1549 2655 scilicet

162 2662 371 2696 christianus
395 2662 585 2703 Eusebius,
609 2674 675 2696 non
699 2663 867 2708 religioso
891 2665 1127 2707 praeiudicio,
1151 2667 1211 2698 scd
1235 2667 1286 2701 rei
1311 2679 1415 2704 verae
1437 2667 1549 2702 scien-

161 2708 212 2744 tia
235 2709 378 2751 ductus,
400 2708 584 2750 chronicas
606 2710 744 2745 tabulas
766 2721 847 2745 suas
870 2712 1047 2747 exorditus
1068 2716 1131 2748 est.
1163 2713 1262 2748 MAI.
