1968 3346
258 210 558 256 EXCERPTA
587 209 659 251 DE:
689 208 841 251 Vffl'r
870 208 947 249 ΕΤ
977 208 1091 251 VIT.
1120 209 1169 249 L.
1199 207 1522 253 v1.—x.77

133 323 338 382 θητεύειν
366 322 486 377 παρὰ
513 321 592 366 τόν
609 320 857 376 Ἄδμητον.
875 318 983 375 φασὶ
1008 320 1054 363 δε
1074 319 1308 376 ’Ἀλκηστιν
1335 337 1417 392 την
1441 325 1522 365 Πε-

133 386 235 427 λίου
271 381 518 436 θυγατέρα,
567 379 707 434 μόνην
745 381 822 432 τῆς
860 377 971 419 κατὰ
1006 374 1085 419 τόν
1123 378 1285 431 πατέρα
1324 377 1522 448 ἀσεβείας

136 438 193 483 οὐ
211 440 531 509 p‘ew6xofi6am
563 437 956 503 δοθῆναιγυναῖκα
974 430 1034 474 δι’
1067 430 1291 501 εὐσέβειαν
1307 434 1518 505 Ἀδμήτῳ.
1547 439 1605 482 35

235 494 334 538 ’Ότι
379 491 648 546 Μελάμπους
687 487 882 546 εὐσεβείᾳ
924 487 1159 545 διενεγκων
1196 492 1324 546 φίλος
1353 491 1519 548 ἐγένετο

134 554 217 595 τοῦ
239 548 518 598 Ἀπόλλωνος.

235 606 332 650 ’Ὅτι
359 610 435 662 τῆς
473 604 634 658 Τροίας
665 601 857 671 ἁλούσης
885 603 1061 654 Αἰνείας
1099 600 1203 656 μετά
1232 618 1366 646 τινων
1394 621 1521 648 κατα-

135 663 376 732 λαβόμενος
423 659 552 728 μέρος
591 662 667 714 τῆς
716 658 882 710 πόλεως
923 658 1026 709 τούς
1072 658 1271 710 ἐπιόντας
1312 657 1516 716 ἠμύνετο.
1549 664 1605 708 40

52 728 66 761 52
134 724 224 765 τῶν
261 719 307 762 δε
338 716 562 787 Ελλήνων
592 715 904 766 ὑποσπόνδους
945 714 1134 765 τούτους
1173 713 1397 771 ἀφέντων,
1445 719 1522 762 καὶ

133 773 507 844 συγχωρησάντων
535 772 707 843 ἓκαστῳ
738 775 888 826 λαβεῖν
919 771 1000 815 ὅσα
1031 771 1210 816 δύναιτο
1250 776 1339 815 τῶν
1380 775 1522 827 ἰδίων,

134 835 178 876 οἱ
216 831 296 888 μὲν
334 829 455 873 α’λλοι
483 845 641 879 παντες
679 828 876 884 ἄργυρον
903 827 931 883 ἢ
959 828 1124 883 χρυσὸν
1153 827 1182 884 ἤ
1211 845 1310 871 τινα
1347 833 1421 885 τῆς
1451 830 1520 873 ἄλ-

130 893 209 944 λης
238 889 515 937 πολυτελείας
548 886 727 940 ἔλαβον,
757 887 933 935 Αἰνείας
964 886 1010 927 δὲ
1040 884 1118 927 τόν
1146 884 1312 938 πατέρα
1340 902 1519 957 γεγηρα-

131 945 240 989 κάτα
269 945 439 994 τελείως
475 941 696 996 ἀράμενος
729 942 796 984 ἐπὶ
835 958 939 991 τους
970 941 1118 996 ὤμους
1157 941 1389 996 ἐξήνεγκεν,
1438 942 1513 1010 ἐφ’
1546 947 1602 990 45

132 1018 168 1044 ω
198 1000 474 1054 θαυμασθεις
502 998 590 1043 υπὸ
620 1015 710 1041 των
735 997 952 1053 Ἑλλήνων
982 998 1135 1068 ἔλαβεν
1164 998 1365 1049 ἐξουσίαν
1386 998 1521 1042 παλιν

133 1046 161 1102 6
189 1056 405 1127 βούλοιτο
422 1059 510 1099 τῶν
541 1057 723 1099 οἴκοθεν
758 1054 1028 1106 ἐκλέξασθαι.
1068 1053 1338 1109 α’νελομένου
1369 1056 1414 1098 δὲ
1445 1054 1520 1099 αύ-

130 1119 212 1159 τοῦ
240 1113 294 1156 τὰ
317 1111 411 1183 ἷερὰ
428 1112 480 1156 τὰ
500 1116 704 1168 πατρῷα,
731 1111 845 1154 πολύ
868 1115 1035 1165 μᾶλλον
1055 1110 1337 1166 ἐπαινεθῆναι
1357 1114 1519 1182 συνέβη

131 1187 211 1228 την
247 1168 427 1225 ἀρετήν,
471 1170 627 1222 καίπερ
667 1167 753 1211 υπό
793 1171 1010 1223 πολεμίων
1047 1167 1329 1224 ἐπισημασίας
1365 1169 1518 1239 τυγχά-

129 1238 308 1272 νουσαν.
347 1226 548 1281 ἐφαίνετο
587 1242 670 1280 γαρ
703 1223 726 1267 ὁ
757 1222 866 1279 ἀνηρ
906 1225 953 1267 ἐν
989 1230 1080 1275 τοῖς
1117 1226 1331 1279 μεγίστοις
1370 1224 1514 1269 κινδύ-
1546 1231 1602 1274 50

129 1301 226 1334 νοις
254 1284 455 1339 πλείστην
485 1284 698 1350 φροντίδα
736 1281 1028 1351 πεποιημένος
1056 1284 1133 1336 τῆς
1160 1297 1206 1324 τε
1235 1281 1344 1335 πρὸς
1372 1299 1454 1338 γοτ
1458 1288 1518 1333 εῖς

131 1339 356 1411 ὁσιότητος
393 1340 465 1383 καὶ
493 1343 568 1393 τῆς
605 1337 715 1393 πρός
751 1338 885 1388 θεοὺς
914 1336 1145 1393 εὐσεβείας.
1185 1337 1336 1393 διόπερ
1380 1340 1518 1407 φασιν

23 1401 46 1442 ,“
79 1434 81 1439 .
131 1395 250 1453 αυτῷ
289 1400 628 1464 συγχωρηθηναι
671 1410 776 1449 μετα
818 1411 908 1437 των
943 1394 1307 1464 ὑπολειφθέντων
1351 1394 1517 1467 Τρώων

129 1455 370 1521 ἐκχωρῆσαι
397 1456 473 1510 τῆς
499 1451 707 1509 Τρῳαδος
734 1450 841 1508 μετὰ
868 1450 1008 1508 πάσης
1038 1449 1277 1507 ἀσφαλείας
1304 1452 1376 1496 καὶ
1403 1452 1517 1496 ὅπου
1545 1458 1604 1502 55

128 1509 366 1609 βούᾶεὸῒί“
354 1563 577 1621 Ῥωμύλος
605 1563 814 1615 Σιλούιος
853 1563 960 1619 παρ’
1001 1564 1108 1608 ὅλον
1135 1563 1215 1607 τόν
1255 1565 1355 1619 βίον
1383 1581 1467 1608 υπε
1471 1582 1520 1620 ρ-

128 1623 301 1692 η’φανος
332 1622 566 1693 γενόμενος
593 1622 804 1676 ἡμιλλᾶτο
836 1623 945 1689 πρὸς
974 1621 1052 1665 τὸν
1080 1622 1202 1664 θεόν
1243 1624 1520 1676 βροντῶντος

63 1700 66 1720 2
128 1696 215 1749 γαρ
237 1677 374 1722 αὐτοῦ
395 1678 561 1721 ἐκέλευε
590 1677 695 1728 τούς
724 1676 989 1730 στρατιώτας
1008 1683 1103 1728 ταῖς
1129 1676 1320 1727 σπάθαις
1342 1678 1519 1722 τύπτειν

19 1769 27 1785 c
63 1734 67 1760 '¹
129 1736 207 1785 τὰς
235 1735 421 1785 α’σπίδας
451 1733 531 1790 ὑφ’
563 1733 662 1784 ενός
690 1732 992 1789 συνθηματος,
1021 1735 1094 1777 καὶ
1116 1735 1253 1789 λέγειν
1276 1733 1334 1785 ώς
1361 1733 1384 1777 ὁ
1405 1733 1513 1792 παρ’
1545 1743 1601 1784 60

56 3103 61 3213 J

53 3221 59 3346 ἔ

130 1791 279 1837 αὐτῶν
308 1791 537 1862 γινόμενος
564 1789 713 1844 ψόφος
745 1792 808 1847 εἴη
837 1793 1012 1859 μείζων.
1041 1791 1109 1834 διὸ
1141 1790 1436 1859 ἐκεραυνώθη

225 1847 322 1891 Ὀτι
362 1847 526 1901 ἐγένετο
565 1846 781 1900 τύραννος
818 1864 929 1890 κατα
966 1863 1047 1902 την
1087 1845 1250 1903 Κύμην
1278 1864 1359 1902 την
1387 1847 1519 1892 πόλιν

71 1893 273 1959 ἵ47όνομα
305 1904 543 1955 Μάλακος,
587 1901 634 1954 ὃς
659 1903 908 1974 εὐδοκιμῶν
937 1903 1057 1959 παρα
1098 1909 1191 1955 τοῖς
1227 1903 1415 1972 πλήθεσι
1444 1907 1517 1948 καὶ

129 1961 235 2012 τούς
274 1959 606 2010 δυνατωτάτους
645 1958 711 2003 αεὶ
757 1960 1008 2030 διαβαλλων
1035 1959 1388 2027 περιεποιήσατο
1433 1979 1514 2018 την
1542 1965 1599 2009 65

129 2018 400 2063 δυναστείαν.
450 2018 525 2060 καὶ
557 2015 664 2067 τούς
699 2033 778 2072 μεν
817 2015 1150 2070 εὐπορωτατους
1199 2033 1288 2060 των
1324 2022 1518 2061 πολιτῶν

129 2074 368 2130 ἀπέσφαξε,
398 2090 476 2124 τας
507 2073 552 2117 δε
587 2072 742 2124 οὐσίας
772 2072 1007 2130 ἀναλαβών
1031 2074 1341 2130 μισθοφόρους
1368 2092 1519 2132 ετρεφε

125 2133 202 2177 καὶ
228 2129 422 2203 φοβερὸς
449 2133 505 2186 ἦν
532 2135 625 2180 τοῖς
654 2132 881 2185 Κυμαίοις.

228 2187 326 2230 ιὍτι
354 2191 610 2256 τηλικοῦτον
637 2187 733 2241 περὶ
762 2186 840 2230 τὸν
870 2189 1136 2242 Λυκοῦργον
1171 2181 1227 2257 ἦν
1255 2190 1333 2258 τῆς
1363 2186 1518 2244 ἆρετης

127 2243 177 2288 τὸ
206 2243 390 2313 μέγεθος
420 2243 520 2294 ὥςτε
549 2243 930 2316 παραγενηθέντος
953 2246 1013 2294 είς
1031 2243 1246 2315 Δελφοὺς,
1267 2243 1406 2288 αὐτοῦ
1433 2263 1514 2300 την
1543 2252 1600 2291 70

129 2303 310 2344 Πυθίαν
327 2299 714 2429 )αποφθὲγξασθαι
752 2301 834 2357 ἔπη
872 2300 987 2344 τάδε.
1048 2300 1194 2358 (Ζήτει
1229 2300 1278 2345 ἐν
1315 2305 1378 2360 τῷ
1417 2303 1518 2357 περὶ

157 2374 248 2412 νωμ
253 2373 324 2399 ων.

126 2375 154 2414 γ
220 2375 328 2455 μὈτι
364 2413 407 2456 οι
434 2411 777 2467 Λακεδαιμόνιοι
813 2416 906 2463 τοῖς
943 2416 1026 2456 τοῦ
1053 2411 1324 2483 Λυκούργου
1362 2413 1517 2470 νόμοις

129 2470 177 2514 ἐκ
205 2485 421 2512 ταπεινων
461 2468 758 2512 δυνατώτατοι
772 2468 997 2541 ἐγένοντο
1038 2474 1128 2513 τῶν
1152 2469 1391 2526 Ελλήνων,
1434 2488 1516 2526 την

129 2527 176 2570 δὲ
207 2525 442 2581 ἡγεμονίαν
469 2524 737 2596 διεφύλαξαν
767 2526 836 2569 ἐπὶ
866 2527 935 2582 ἔτη
966 2529 1098 2570 πλείω
1128 2532 1217 2569 τῶν
1245 2527 1299 2570 ν’.
1330 2527 1436 2583 μετα
1467 2528 1512 2572 δὲ
1544 2534 1598 2575 75

129 2586 268 2627 ταῦτα
296 2582 343 2626 ἐκ
371 2585 453 2625 τοῦ
482 2579 581 2625 κατ’
613 2581 764 2638 ὀλίγον
792 2582 1085 2634 καταλύοντες
1114 2583 1299 2628 ἕκαστον
1328 2601 1417 2628 των
1445 2600 1517 2629 νο-

129 2716 187 2753 55.
215 2715 326 2763 ὅπου]
353 2717 459 2751 immo
485 2713 574 2753 ὅποι
726 2717 782 2752 59.
807 2714 898 2765 ὑφ’]
921 2718 1036 2765 aptius
1061 2722 1113 2755 est
1136 2715 1212 2765 ἀφ’

220 2773 301 2809 547.
324 2773 381 2808 74.
406 2774 454 2820 υ’]
480 2774 520 2820 φ’
543 2773 794 2821 Wesselingius
