<?xml version="1.0" encoding="UTF-8"?>
<!DOCTYPE html PUBLIC "-//W3C//DTD XHTML 1.0 Transitional//EN"
    "http://www.w3.org/TR/xhtml1/DTD/xhtml1-transitional.dtd">
<html xmlns="http://www.w3.org/1999/xhtml" xml:lang="en" lang="en">
 <head>
  <title>
</title>
<meta http-equiv="Content-Type" content="text/html;charset=utf-8" />
  <meta name='ocr-system' content='tesseract 3.04.00' />
  <meta name='ocr-capabilities' content='ocr_page ocr_carea ocr_par ocr_line ocrx_word'/>
</head>
<body>
  <div class='ocr_page' id='page_1' title='image "./p2bibliothecahisto02dioduoft_0370.png"; bbox 0 0 1968 3346; ppageno 0'>
   <div class='ocr_carea' id='block_1_1' title="bbox 415 254 1547 305">
    <p class='ocr_par' dir='ltr' id='par_1_1' title="bbox 415 254 1547 305">
     <span class='ocr_line' id='line_1_1' title="bbox 415 254 1547 305; baseline -0.002 -1"><span class='ocrx_word' id='word_1_1' title='bbox 415 264 477 304; x_wconf 76' lang='lat'><em>94</em></span> <span class='ocrx_word' id='word_1_2' title='bbox 680 257 980 305; x_wconf 80' lang='lat' dir='ltr'><strong>EXCERPTA</strong></span> <span class='ocrx_word' id='word_1_3' title='bbox 1007 255 1296 302; x_wconf 80' lang='lat' dir='ltr'><em>VATICANA</em></span> <span class='ocrx_word' id='word_1_4' title='bbox 1322 257 1373 302; x_wconf 73' lang='lat' dir='ltr'>L.</span> <span class='ocrx_word' id='word_1_5' title='bbox 1393 254 1547 302; x_wconf 80' lang='lat' dir='ltr'>XXXI.</span> 
     </span>
    </p>
   </div>
   <div class='ocr_carea' id='block_1_2' title="bbox 368 369 1811 2238">
    <p class='ocr_par' dir='ltr' id='par_1_2' title="bbox 420 369 1804 600">
     <span class='ocr_line' id='line_1_2' title="bbox 533 369 1804 427; baseline 0.003 -13"><span class='ocrx_word' id='word_1_6' title='bbox 533 369 734 414; x_wconf 73' lang='lat' dir='ltr'><em>V1.‘&#39;0a</em></span> <span class='ocrx_word' id='word_1_7' title='bbox 762 373 854 413; x_wconf 76' lang='grc' dir='ltr'><em>τῶν</em></span> <span class='ocrx_word' id='word_1_8' title='bbox 879 373 960 413; x_wconf 83' lang='grc' dir='ltr'><em>τοῦ</em></span> <span class='ocrx_word' id='word_1_9' title='bbox 988 371 1197 425; x_wconf 81' lang='grc' dir='ltr'><strong><em>Αἰμιλίου</em></strong></span> <span class='ocrx_word' id='word_1_10' title='bbox 1225 372 1398 414; x_wconf 85' lang='grc' dir='ltr'><em>παίδων</em></span> <span class='ocrx_word' id='word_1_11' title='bbox 1429 375 1517 415; x_wconf 80' lang='grc' dir='ltr'><em>τῶν</em></span> <span class='ocrx_word' id='word_1_12' title='bbox 1550 371 1632 416; x_wconf 83' lang='grc' dir='ltr'><em>δύο</em></span> <span class='ocrx_word' id='word_1_13' title='bbox 1665 373 1804 427; x_wconf 74' lang='grc' dir='ltr'><em>παρα·</em></span> 
     </span>
     <span class='ocr_line' id='line_1_3' title="bbox 422 427 1802 499; baseline 0.001 -27"><span class='ocrx_word' id='word_1_14' title='bbox 422 428 560 481; x_wconf 80' lang='grc' dir='ltr'><em>δόξως</em></span> <span class='ocrx_word' id='word_1_15' title='bbox 579 427 951 497; x_wconf 79' lang='grc' dir='ltr'><strong><em>τελευτησάντων,</em></strong></span> <span class='ocrx_word' id='word_1_16' title='bbox 983 428 1057 470; x_wconf 85' lang='grc' dir='ltr'><em>καὶ</em></span> <span class='ocrx_word' id='word_1_17' title='bbox 1092 432 1174 469; x_wconf 85' lang='grc' dir='ltr'><em>τοῦ</em></span> <span class='ocrx_word' id='word_1_18' title='bbox 1204 427 1347 483; x_wconf 79' lang='grc' dir='ltr'><em>δήμου</em></span> <span class='ocrx_word' id='word_1_19' title='bbox 1376 428 1538 479; x_wconf 88' lang='grc' dir='ltr'><em>παντὸς</em></span> <span class='ocrx_word' id='word_1_20' title='bbox 1558 429 1802 499; x_wconf 80' lang='grc' dir='ltr'><em>διαφερόν-</em></span> 
     </span>
     <span class='ocr_line' id='line_1_4' title="bbox 420 482 1799 556; baseline 0.001 -28"><span class='ocrx_word' id='word_1_21' title='bbox 420 502 506 536; x_wconf 89' lang='grc' dir='ltr'><em>τως</em></span> <span class='ocrx_word' id='word_1_22' title='bbox 507 488 862 542; x_wconf 75' lang='grc' dir='ltr'><em>συναλγοῦντος,</em></span> <span class='ocrx_word' id='word_1_23' title='bbox 889 482 913 554; x_wconf 83' lang='lat'><em>6</em></span> <span class='ocrx_word' id='word_1_24' title='bbox 932 483 1072 539; x_wconf 76' lang='grc' dir='ltr'><em>πατὴρ</em></span> <span class='ocrx_word' id='word_1_25' title='bbox 1098 483 1269 526; x_wconf 87' lang='grc' dir='ltr'><em>τούτων</em></span> <span class='ocrx_word' id='word_1_26' title='bbox 1288 483 1534 540; x_wconf 78' lang='grc' dir='ltr'><em>συνήγαγεν</em></span> <span class='ocrx_word' id='word_1_27' title='bbox 1552 485 1799 556; x_wconf 81' lang='grc' dir='ltr'><em>ἐκκλησίαν,</em></span> 
     </span>
     <span class='ocr_line' id='line_1_5' title="bbox 421 539 1804 613; baseline 0.002 -29"><span class='ocrx_word' id='word_1_28' title='bbox 421 542 469 585; x_wconf 79' lang='grc' dir='ltr'><em>ἐν</em></span> <span class='ocrx_word' id='word_1_29' title='bbox 495 560 522 598; x_wconf 79' lang='grc' dir='ltr'><em>ῃ</em></span> <span class='ocrx_word' id='word_1_30' title='bbox 552 542 651 595; x_wconf 83' lang='grc' dir='ltr'><em>περὶ</em></span> <span class='ocrx_word' id='word_1_31' title='bbox 681 545 769 583; x_wconf 77' lang='grc' dir='ltr'><em>τῶν</em></span> <span class='ocrx_word' id='word_1_32' title='bbox 799 541 907 584; x_wconf 81' lang='grc' dir='ltr'><em>κατὰ</em></span> <span class='ocrx_word' id='word_1_33' title='bbox 936 540 1015 583; x_wconf 77' lang='grc' dir='ltr'><em>τόν</em></span> <span class='ocrx_word' id='word_1_34' title='bbox 1055 539 1247 595; x_wconf 69' lang='grc' dir='ltr'><em>πόλεμον</em></span> <span class='ocrx_word' id='word_1_35' title='bbox 1275 541 1560 610; x_wconf 78' lang='grc' dir='ltr'><em>πραχθέντων</em></span> <span class='ocrx_word' id='word_1_36' title='bbox 1596 541 1804 613; x_wconf 89' lang='grc' dir='ltr'><em>απολογι-</em></span> 
     </span>
    </p>

    <p class='ocr_par' dir='ltr' id='par_1_3' title="bbox 368 596 1811 2238">
     <span class='ocr_line' id='line_1_6' title="bbox 392 596 1801 655; baseline 0.002 -14"><span class='ocrx_word' id='word_1_37' title='bbox 392 596 611 653; x_wconf 78' lang='grc' dir='ltr'><em>ὁσάμενος</em></span> <span class='ocrx_word' id='word_1_38' title='bbox 653 598 722 640; x_wconf 80' lang='grc' dir='ltr'><em>ἐπὶ</em></span> <span class='ocrx_word' id='word_1_39' title='bbox 760 597 912 648; x_wconf 80' lang='grc' dir='ltr'><em>τέλους</em></span> <span class='ocrx_word' id='word_1_40' title='bbox 958 598 1154 652; x_wconf 79' lang='grc' dir='ltr'><em>διεξῆλθε</em></span> <span class='ocrx_word' id='word_1_41' title='bbox 1192 597 1425 649; x_wconf 79' lang='grc' dir='ltr'><strong><em>τοιούτους</em></strong></span> <span class='ocrx_word' id='word_1_42' title='bbox 1465 598 1590 650; x_wconf 73' lang='grc' dir='ltr'><em>τινας</em></span> <span class='ocrx_word' id='word_1_43' title='bbox 1626 600 1801 655; x_wconf 84' lang='grc' dir='ltr'><em>λόγους.</em></span> 
     </span>
     <span class='ocr_line' id='line_1_7' title="bbox 421 651 1804 723; baseline 0.002 -25"><span class='ocrx_word' id='word_1_44' title='bbox 421 655 505 710; x_wconf 75' lang='grc' dir='ltr'><em>ἔφη</em></span> <span class='ocrx_word' id='word_1_45' title='bbox 543 654 628 709; x_wconf 81' lang='grc' dir='ltr'><em>γὰρ</em></span> <span class='ocrx_word' id='word_1_46' title='bbox 665 653 825 697; x_wconf 77' lang='grc' dir='ltr'><em>ἔαυτόν</em></span> <span class='ocrx_word' id='word_1_47' title='bbox 863 653 906 705; x_wconf 79' lang='grc' dir='ltr'><em>ἐξ</em></span> <span class='ocrx_word' id='word_1_48' title='bbox 941 651 1119 704; x_wconf 83' lang='grc' dir='ltr'><em>Ἰταλίας</em></span> <span class='ocrx_word' id='word_1_49' title='bbox 1159 655 1218 704; x_wconf 83' lang='grc' dir='ltr'><em>εἰς</em></span> <span class='ocrx_word' id='word_1_50' title='bbox 1242 654 1339 723; x_wconf 81' lang='grc' dir='ltr'><em>τήν</em></span> <span class='ocrx_word' id='word_1_51' title='bbox 1368 653 1552 698; x_wconf 77' lang='grc' dir='ltr'><em>Ἐλλάδα</em></span> <span class='ocrx_word' id='word_1_52' title='bbox 1591 657 1804 712; x_wconf 84' lang='grc' dir='ltr'><em>μέλλοντα</em></span> 
     </span>
     <span class='ocr_line' id='line_1_8' title="bbox 420 709 1804 781; baseline 0.001 -27"><span class='ocrx_word' id='word_1_53' title='bbox 420 716 636 766; x_wconf 80' lang='grc' dir='ltr'><em>περαιοῦν</em></span> <span class='ocrx_word' id='word_1_54' title='bbox 664 711 740 761; x_wconf 80' lang='grc' dir='ltr'><em>τὰς</em></span> <span class='ocrx_word' id='word_1_55' title='bbox 772 709 1006 765; x_wconf 77' lang='grc' dir='ltr'><em>δυνάμεις</em></span> <span class='ocrx_word' id='word_1_56' title='bbox 999 709 1333 781; x_wconf 68' lang='grc' dir='ltr'><em>ἆποθεωρήσας</em></span> <span class='ocrx_word' id='word_1_57' title='bbox 1362 711 1442 767; x_wconf 73' lang='grc' dir='ltr'><em>τὴν</em></span> <span class='ocrx_word' id='word_1_58' title='bbox 1484 711 1700 770; x_wconf 83' lang='grc' dir='ltr'><em>ἀνατολὴν</em></span> <span class='ocrx_word' id='word_1_59' title='bbox 1729 714 1804 756; x_wconf 84' lang='grc' dir='ltr'><em>καὶ</em></span> 
     </span>
     <span class='ocr_line' id='line_1_9' title="bbox 421 766 1805 823; baseline 0.001 -12"><span class='ocrx_word' id='word_1_60' title='bbox 421 767 519 811; x_wconf 89' lang='grc' dir='ltr'><em>τότε</em></span> <span class='ocrx_word' id='word_1_61' title='bbox 559 785 638 811; x_wconf 91' lang='grc' dir='ltr'><em>τον</em></span> <span class='ocrx_word' id='word_1_62' title='bbox 667 772 807 811; x_wconf 81' lang='grc' dir='ltr'><em>πλοῦν</em></span> <span class='ocrx_word' id='word_1_63' title='bbox 845 766 1139 823; x_wconf 61' lang='grc' dir='ltr'><em>ποιησάμενος</em></span> <span class='ocrx_word' id='word_1_64' title='bbox 1170 767 1322 823; x_wconf 77' lang='grc' dir='ltr'><em>ἐνάτης</em></span> <span class='ocrx_word' id='word_1_65' title='bbox 1363 768 1479 821; x_wconf 79' lang='grc' dir='ltr'><em>ὥρας</em></span> <span class='ocrx_word' id='word_1_66' title='bbox 1509 774 1805 813; x_wconf 79' lang='grc' dir='ltr'><em>καταπλεῦσαι</em></span> 
     </span>
     <span class='ocr_line' id='line_1_10' title="bbox 422 824 1804 897; baseline 0.002 -30"><span class='ocrx_word' id='word_1_67' title='bbox 422 824 609 881; x_wconf 85' lang='grc' dir='ltr'><em>μηδενὸς</em></span> <span class='ocrx_word' id='word_1_68' title='bbox 638 824 980 892; x_wconf 71' lang='grc' dir='ltr'><em>ἀπολειφθέντος</em></span> <span class='ocrx_word' id='word_1_69' title='bbox 1010 826 1070 874; x_wconf 81' lang='grc' dir='ltr'><em>εἷς</em></span> <span class='ocrx_word' id='word_1_70' title='bbox 1099 824 1354 878; x_wconf 75' lang='grc' dir='ltr'><em>Κέρκυραν,</em></span> <span class='ocrx_word' id='word_1_71' title='bbox 1387 825 1554 868; x_wconf 76' lang='grc' dir='ltr'><em>ἐκεῖθεν</em></span> <span class='ocrx_word' id='word_1_72' title='bbox 1586 826 1632 869; x_wconf 89' lang='grc' dir='ltr'><em>δε</em></span> <span class='ocrx_word' id='word_1_73' title='bbox 1661 844 1804 897; x_wconf 82' lang='grc' dir='ltr'><em>τεταρ-</em></span> 
     </span>
     <span class='ocr_line' id='line_1_11' title="bbox 368 880 1804 953; baseline 0.001 -29"><span class='ocrx_word' id='word_1_74' title='bbox 368 888 550 932; x_wconf 79' lang='grc' dir='ltr'><em>1Οταῖον</em></span> <span class='ocrx_word' id='word_1_75' title='bbox 570 882 616 924; x_wconf 77' lang='grc' dir='ltr'><em>ἐν</em></span> <span class='ocrx_word' id='word_1_76' title='bbox 639 886 831 936; x_wconf 86' lang='grc' dir='ltr'><em>Δελφοῖς</em></span> <span class='ocrx_word' id='word_1_77' title='bbox 849 880 1189 936; x_wconf 81' lang='grc' dir='ltr'><em>καλλιερήσαντα</em></span> <span class='ocrx_word' id='word_1_78' title='bbox 1216 886 1278 952; x_wconf 78' lang='grc' dir='ltr'><em>τῷ</em></span> <span class='ocrx_word' id='word_1_79' title='bbox 1303 882 1395 940; x_wconf 81' lang='grc' dir='ltr'><em>θεω</em></span> <span class='ocrx_word' id='word_1_80' title='bbox 1424 882 1529 936; x_wconf 78' lang='grc' dir='ltr'><em>μετὰ</em></span> <span class='ocrx_word' id='word_1_81' title='bbox 1549 883 1674 926; x_wconf 81' lang='grc' dir='ltr'><em>πέντε</em></span> <span class='ocrx_word' id='word_1_82' title='bbox 1704 882 1804 953; x_wconf 81' lang='grc' dir='ltr'><em>ἡμέ-</em></span> 
     </span>
     <span class='ocr_line' id='line_1_12' title="bbox 424 927 1805 994; baseline 0.002 -14"><span class='ocrx_word' id='word_1_83' title='bbox 424 955 503 992; x_wconf 88' lang='grc' dir='ltr'><em>ρας</em></span> <span class='ocrx_word' id='word_1_84' title='bbox 533 940 594 989; x_wconf 86' lang='grc' dir='ltr'><em>εἰς</em></span> <span class='ocrx_word' id='word_1_85' title='bbox 624 939 909 980; x_wconf 74' lang='grc' dir='ltr'><em>Μακεδονίαν</em></span> <span class='ocrx_word' id='word_1_86' title='bbox 935 937 1140 992; x_wconf 81' lang='grc' dir='ltr'><em>γενέσθαι</em></span> <span class='ocrx_word' id='word_1_87' title='bbox 1168 938 1242 980; x_wconf 91' lang='grc' dir='ltr'><em>καὶ</em></span> <span class='ocrx_word' id='word_1_88' title='bbox 1271 927 1540 994; x_wconf 80' lang='grc' dir='ltr'><em>παραλαβεῖν</em></span> <span class='ocrx_word' id='word_1_89' title='bbox 1568 938 1645 991; x_wconf 77' lang='grc' dir='ltr'><em>τὰς</em></span> <span class='ocrx_word' id='word_1_90' title='bbox 1675 938 1805 983; x_wconf 89' lang='grc' dir='ltr'><em>δυνα-</em></span> 
     </span>
     <span class='ocr_line' id='line_1_13' title="bbox 424 993 1806 1063; baseline 0.001 -26"><span class='ocrx_word' id='word_1_91' title='bbox 424 1011 537 1051; x_wconf 85' lang='grc' dir='ltr'><em>μεις,</em></span> <span class='ocrx_word' id='word_1_92' title='bbox 580 994 626 1038; x_wconf 79' lang='grc' dir='ltr'><em>ἐν</em></span> <span class='ocrx_word' id='word_1_93' title='bbox 655 993 835 1063; x_wconf 75' lang='grc' dir='ltr'><em>ἡμέραις</em></span> <span class='ocrx_word' id='word_1_94' title='bbox 876 995 922 1037; x_wconf 90' lang='grc' dir='ltr'><em>δε</em></span> <span class='ocrx_word' id='word_1_95' title='bbox 961 1000 1055 1045; x_wconf 86' lang='grc' dir='ltr'><em>ταῖς</em></span> <span class='ocrx_word' id='word_1_96' title='bbox 1093 1007 1281 1045; x_wconf 82' lang='grc' dir='ltr'><em>απασαις</em></span> <span class='ocrx_word' id='word_1_97' title='bbox 1317 998 1625 1039; x_wconf 84' lang='grc' dir='ltr'><em>πεντεκαίδεκα</em></span> <span class='ocrx_word' id='word_1_98' title='bbox 1654 997 1806 1051; x_wconf 82' lang='grc' dir='ltr'><em>βιάσα-</em></span> 
     </span>
     <span class='ocr_line' id='line_1_14' title="bbox 425 1049 1806 1107; baseline 0.001 -12"><span class='ocrx_word' id='word_1_99' title='bbox 425 1058 532 1095; x_wconf 86' lang='grc' dir='ltr'><em>σθαι</em></span> <span class='ocrx_word' id='word_1_100' title='bbox 561 1069 614 1094; x_wconf 90' lang='grc' dir='ltr'><em>τα</em></span> <span class='ocrx_word' id='word_1_101' title='bbox 651 1064 778 1094; x_wconf 89' lang='grc' dir='ltr'><em>στενα</em></span> <span class='ocrx_word' id='word_1_102' title='bbox 808 1049 918 1094; x_wconf 76' lang='grc' dir='ltr'><em>κατὰ</em></span> <span class='ocrx_word' id='word_1_103' title='bbox 947 1049 1026 1107; x_wconf 78' lang='grc' dir='ltr'><em>την</em></span> <span class='ocrx_word' id='word_1_104' title='bbox 1057 1051 1230 1102; x_wconf 83' lang='grc' dir='ltr'><em>Πέτραν</em></span> <span class='ocrx_word' id='word_1_105' title='bbox 1258 1052 1332 1094; x_wconf 84' lang='grc' dir='ltr'><em>καὶ</em></span> <span class='ocrx_word' id='word_1_106' title='bbox 1359 1052 1695 1106; x_wconf 77' lang='grc' dir='ltr'><em>παρατάξασθαι</em></span> <span class='ocrx_word' id='word_1_107' title='bbox 1730 1053 1806 1096; x_wconf 81' lang='grc' dir='ltr'><em>καὶ</em></span> 
     </span>
     <span class='ocr_line' id='line_1_15' title="bbox 423 1106 1807 1165; baseline 0.001 -14"><span class='ocrx_word' id='word_1_108' title='bbox 423 1113 602 1163; x_wconf 83' lang='grc' dir='ltr'><em>νικῆσαι</em></span> <span class='ocrx_word' id='word_1_109' title='bbox 642 1106 834 1162; x_wconf 80' lang='grc' dir='ltr'><em>Περσέα·</em></span> <span class='ocrx_word' id='word_1_110' title='bbox 885 1108 1087 1151; x_wconf 78' lang='grc' dir='ltr'><em>καθόλου</em></span> <span class='ocrx_word' id='word_1_111' title='bbox 1127 1108 1173 1152; x_wconf 82' lang='grc' dir='ltr'><em>δὲ</em></span> <span class='ocrx_word' id='word_1_112' title='bbox 1217 1111 1513 1163; x_wconf 81' lang='grc' dir='ltr'><em>[τεταρταῖος]</em></span> <span class='ocrx_word' id='word_1_113' title='bbox 1555 1109 1807 1165; x_wconf 84' lang='grc' dir='ltr'><em>αντοφθαλ-</em></span> 
     </span>
     <span class='ocr_line' id='line_1_16' title="bbox 371 1164 1805 1221; baseline 0.001 -13"><span class='ocrx_word' id='word_1_114' title='bbox 371 1170 616 1221; x_wconf 75' lang='grc' dir='ltr'><em>15μοῦντος</em></span> <span class='ocrx_word' id='word_1_115' title='bbox 655 1169 733 1207; x_wconf 86' lang='grc' dir='ltr'><em>τοῦ</em></span> <span class='ocrx_word' id='word_1_116' title='bbox 777 1164 984 1220; x_wconf 81' lang='grc' dir='ltr'><em>βασιλέως</em></span> <span class='ocrx_word' id='word_1_117' title='bbox 1032 1170 1124 1215; x_wconf 88' lang='grc' dir='ltr'><em>τοῖς</em></span> <span class='ocrx_word' id='word_1_118' title='bbox 1169 1168 1385 1219; x_wconf 83' lang='grc' dir='ltr'><em>Ρωμαίοις</em></span> <span class='ocrx_word' id='word_1_119' title='bbox 1426 1165 1585 1209; x_wconf 78' lang='grc' dir='ltr'><em>ἑαυτὸν</em></span> <span class='ocrx_word' id='word_1_120' title='bbox 1625 1167 1672 1209; x_wconf 80' lang='grc' dir='ltr'><em>ἐν</em></span> <span class='ocrx_word' id='word_1_121' title='bbox 1709 1171 1805 1217; x_wconf 84' lang='grc' dir='ltr'><em>ταῖς</em></span> 
     </span>
     <span class='ocr_line' id='line_1_17' title="bbox 424 1220 1806 1292; baseline 0.001 -28"><span class='ocrx_word' id='word_1_122' title='bbox 424 1222 761 1278; x_wconf 80' lang='grc' dir='ltr'><em>προειρημέναις</em></span> <span class='ocrx_word' id='word_1_123' title='bbox 798 1238 878 1276; x_wconf 81' lang='grc' dir='ltr'><em>ημε</em></span> <span class='ocrx_word' id='word_1_124' title='bbox 870 1222 979 1274; x_wconf 83' lang='grc' dir='ltr'><em>’ραις</em></span> <span class='ocrx_word' id='word_1_125' title='bbox 1010 1220 1262 1289; x_wconf 74' lang='grc' dir='ltr'><em>ἀπεφήνατο</em></span> <span class='ocrx_word' id='word_1_126' title='bbox 1301 1222 1629 1275; x_wconf 80' lang='grc' dir='ltr'><em>κεκυριευκέναι</em></span> <span class='ocrx_word' id='word_1_127' title='bbox 1659 1222 1806 1292; x_wconf 81' lang='grc' dir='ltr'><em>πάσης</em></span> 
     </span>
     <span class='ocr_line' id='line_1_18' title="bbox 424 1276 1807 1347; baseline 0 -25"><span class='ocrx_word' id='word_1_128' title='bbox 424 1280 722 1328; x_wconf 83' lang='grc' dir='ltr'><em>Μακεδονίας.</em></span> <span class='ocrx_word' id='word_1_129' title='bbox 763 1278 837 1320; x_wconf 80' lang='grc' dir='ltr'><em>καὶ</em></span> <span class='ocrx_word' id='word_1_130' title='bbox 858 1276 953 1321; x_wconf 86' lang='grc' dir='ltr'><em>τότε</em></span> <span class='ocrx_word' id='word_1_131' title='bbox 982 1295 1060 1345; x_wconf 87' lang='grc' dir='ltr'><em>μεν</em></span> <span class='ocrx_word' id='word_1_132' title='bbox 1088 1276 1332 1347; x_wconf 74' lang='grc' dir='ltr'><em>θαυμάζειν</em></span> <span class='ocrx_word' id='word_1_133' title='bbox 1358 1279 1441 1334; x_wconf 87' lang='grc' dir='ltr'><em>ε’φη</em></span> <span class='ocrx_word' id='word_1_134' title='bbox 1471 1278 1520 1321; x_wconf 83' lang='grc' dir='ltr'><em>τὸ</em></span> <span class='ocrx_word' id='word_1_135' title='bbox 1551 1278 1807 1333; x_wconf 73' lang='grc' dir='ltr'><em>παράλογον</em></span> 
     </span>
     <span class='ocr_line' id='line_1_19' title="bbox 422 1332 1807 1404; baseline 0 -26"><span class='ocrx_word' id='word_1_136' title='bbox 422 1339 514 1378; x_wconf 75' lang='grc' dir='ltr'><em>τῶν</em></span> <span class='ocrx_word' id='word_1_137' title='bbox 543 1333 918 1388; x_wconf 80' lang='grc' dir='ltr'><em>κατορθωμάτων·</em></span> <span class='ocrx_word' id='word_1_138' title='bbox 961 1334 1018 1384; x_wconf 82' lang='grc' dir='ltr'><em>ὠς</em></span> <span class='ocrx_word' id='word_1_139' title='bbox 1055 1335 1101 1376; x_wconf 82' lang='grc' dir='ltr'><em>δὲ</em></span> <span class='ocrx_word' id='word_1_140' title='bbox 1138 1332 1230 1388; x_wconf 72' lang='grc' dir='ltr'><em>μετ’</em></span> <span class='ocrx_word' id='word_1_141' title='bbox 1270 1332 1418 1389; x_wconf 87' lang='grc' dir='ltr'><em>ὀλίγον</em></span> <span class='ocrx_word' id='word_1_142' title='bbox 1449 1333 1601 1388; x_wconf 87' lang='grc' dir='ltr'><em>κύριος</em></span> <span class='ocrx_word' id='word_1_143' title='bbox 1639 1334 1807 1404; x_wconf 80' lang='grc' dir='ltr'><em>ἐγένετο</em></span> 
     </span>
     <span class='ocr_line' id='line_1_20' title="bbox 424 1390 1808 1460; baseline 0 -25"><span class='ocrx_word' id='word_1_144' title='bbox 424 1397 507 1435; x_wconf 83' lang='grc' dir='ltr'><em>τοῦ</em></span> <span class='ocrx_word' id='word_1_145' title='bbox 538 1391 748 1447; x_wconf 82' lang='grc' dir='ltr'><em>βασιλέως</em></span> <span class='ocrx_word' id='word_1_146' title='bbox 784 1391 858 1433; x_wconf 85' lang='grc' dir='ltr'><em>καὶ</em></span> <span class='ocrx_word' id='word_1_147' title='bbox 888 1407 975 1433; x_wconf 90' lang='grc' dir='ltr'><em>των</em></span> <span class='ocrx_word' id='word_1_148' title='bbox 1005 1390 1170 1433; x_wconf 84' lang='grc' dir='ltr'><em>τέκνων</em></span> <span class='ocrx_word' id='word_1_149' title='bbox 1185 1391 1271 1460; x_wconf 67' lang='lat' dir='ltr'><em>5uoci</em></span> <span class='ocrx_word' id='word_1_150' title='bbox 1301 1395 1375 1447; x_wconf 83' lang='grc' dir='ltr'><em>τῆς</em></span> <span class='ocrx_word' id='word_1_151' title='bbox 1414 1393 1632 1446; x_wconf 83' lang='grc' dir='ltr'><em>βασιλείας</em></span> <span class='ocrx_word' id='word_1_152' title='bbox 1661 1391 1808 1448; x_wconf 81' lang='grc' dir='ltr'><em>γαζης,</em></span> 
     </span>
     <span class='ocr_line' id='line_1_21' title="bbox 369 1446 1808 1517; baseline -0.001 -25"><span class='ocrx_word' id='word_1_153' title='bbox 369 1449 537 1504; x_wconf 58' lang='grc' dir='ltr'><em>ροπολύ</em></span> <span class='ocrx_word' id='word_1_154' title='bbox 576 1453 743 1503; x_wconf 79' lang='grc' dir='ltr'><em>μᾶλλον</em></span> <span class='ocrx_word' id='word_1_155' title='bbox 780 1447 1019 1501; x_wconf 81' lang='grc' dir='ltr'><em>θαυμάζειν</em></span> <span class='ocrx_word' id='word_1_156' title='bbox 1047 1446 1126 1517; x_wconf 84' lang='grc' dir='ltr'><em>τὴν</em></span> <span class='ocrx_word' id='word_1_157' title='bbox 1156 1446 1336 1501; x_wconf 82' lang='grc' dir='ltr'><em>εὔροιαν</em></span> <span class='ocrx_word' id='word_1_158' title='bbox 1362 1452 1437 1503; x_wconf 80' lang='grc' dir='ltr'><em>τῆς</em></span> <span class='ocrx_word' id='word_1_159' title='bbox 1465 1447 1618 1504; x_wconf 68' lang='grc' dir='ltr'><em>τύχης</em></span> <span class='ocrx_word' id='word_1_160' title='bbox 1661 1451 1808 1492; x_wconf 83' lang='grc' dir='ltr'><em>διακο-</em></span> 
     </span>
     <span class='ocr_line' id='line_1_22' title="bbox 426 1503 1808 1576; baseline 0 -28"><span class='ocrx_word' id='word_1_161' title='bbox 426 1505 673 1576; x_wconf 87' lang='grc' dir='ltr'><em>μισθεντων</em></span> <span class='ocrx_word' id='word_1_162' title='bbox 713 1504 759 1547; x_wconf 81' lang='grc' dir='ltr'><em>δὲ</em></span> <span class='ocrx_word' id='word_1_163' title='bbox 799 1508 887 1546; x_wconf 80' lang='grc' dir='ltr'><em>τῶν</em></span> <span class='ocrx_word' id='word_1_164' title='bbox 924 1503 1159 1559; x_wconf 75' lang='grc' dir='ltr'><em>χρημάτων</em></span> <span class='ocrx_word' id='word_1_165' title='bbox 1198 1505 1271 1547; x_wconf 88' lang='grc' dir='ltr'><em>καὶ</em></span> <span class='ocrx_word' id='word_1_166' title='bbox 1307 1508 1397 1546; x_wconf 77' lang='grc' dir='ltr'><em>τῶν</em></span> <span class='ocrx_word' id='word_1_167' title='bbox 1433 1510 1709 1558; x_wconf 77' lang='grc' dir='ltr'><em>στρατιωτῶν</em></span> <span class='ocrx_word' id='word_1_168' title='bbox 1747 1507 1808 1556; x_wconf 80' lang='grc' dir='ltr'><em>εἰς</em></span> 
     </span>
     <span class='ocr_line' id='line_1_23' title="bbox 423 1558 1810 1629; baseline -0.001 -24"><span class='ocrx_word' id='word_1_169' title='bbox 423 1563 504 1618; x_wconf 84' lang='grc' dir='ltr'><em>τὴν</em></span> <span class='ocrx_word' id='word_1_170' title='bbox 528 1560 714 1604; x_wconf 76' lang='grc' dir='ltr'><em>Ἰταλίαν</em></span> <span class='ocrx_word' id='word_1_171' title='bbox 745 1558 946 1629; x_wconf 79' lang='grc' dir='ltr'><em>ἀβλαβῶς</em></span> <span class='ocrx_word' id='word_1_172' title='bbox 977 1562 1051 1604; x_wconf 85' lang='grc' dir='ltr'><em>καὶ</em></span> <span class='ocrx_word' id='word_1_173' title='bbox 1079 1562 1260 1616; x_wconf 82' lang='grc' dir='ltr'><em>ταχέως,</em></span> <span class='ocrx_word' id='word_1_174' title='bbox 1302 1558 1404 1604; x_wconf 81' lang='grc' dir='ltr'><em>τόθ’</em></span> <span class='ocrx_word' id='word_1_175' title='bbox 1448 1559 1688 1618; x_wconf 81' lang='grc' dir='ltr'><em>ὁλοσχερῶς</em></span> <span class='ocrx_word' id='word_1_176' title='bbox 1720 1564 1810 1605; x_wconf 85' lang='grc' dir='ltr'><em>δια-</em></span> 
     </span>
     <span class='ocr_line' id='line_1_24' title="bbox 424 1616 1809 1675; baseline -0.001 -12"><span class='ocrx_word' id='word_1_177' title='bbox 424 1624 575 1673; x_wconf 86' lang='grc' dir='ltr'><em>πορεῖν</em></span> <span class='ocrx_word' id='word_1_178' title='bbox 599 1618 665 1661; x_wconf 83' lang='grc' dir='ltr'><em>ἐπὶ</em></span> <span class='ocrx_word' id='word_1_179' title='bbox 694 1622 755 1675; x_wconf 76' lang='grc' dir='ltr'><em>τῷ</em></span> <span class='ocrx_word' id='word_1_180' title='bbox 782 1616 925 1660; x_wconf 78' lang='grc' dir='ltr'><em>πάντα</em></span> <span class='ocrx_word' id='word_1_181' title='bbox 954 1616 1134 1660; x_wconf 86' lang='grc' dir='ltr'><em>καλλιον</em></span> <span class='ocrx_word' id='word_1_182' title='bbox 1163 1635 1190 1674; x_wconf 90' lang='grc' dir='ltr'><em>η</em></span> <span class='ocrx_word' id='word_1_183' title='bbox 1217 1616 1464 1670; x_wconf 84' lang='grc' dir='ltr'><em>προςεδόκα</em></span> <span class='ocrx_word' id='word_1_184' title='bbox 1493 1624 1809 1669; x_wconf 85' lang='grc' dir='ltr'><em>συντελεῖσθαι,</em></span> 
     </span>
     <span class='ocr_line' id='line_1_25' title="bbox 425 1664 1810 1744; baseline -0.001 -25"><span class='ocrx_word' id='word_1_185' title='bbox 425 1680 515 1719; x_wconf 76' lang='grc' dir='ltr'><em>τῶν</em></span> <span class='ocrx_word' id='word_1_186' title='bbox 554 1675 599 1718; x_wconf 82' lang='grc' dir='ltr'><em>δὲ</em></span> <span class='ocrx_word' id='word_1_187' title='bbox 639 1664 968 1730; x_wconf 82' lang='grc' dir='ltr'><em>συγχαιρόντων</em></span> <span class='ocrx_word' id='word_1_188' title='bbox 996 1676 1070 1717; x_wconf 86' lang='grc' dir='ltr'><em>καὶ</em></span> <span class='ocrx_word' id='word_1_189' title='bbox 1099 1673 1428 1729; x_wconf 82' lang='grc' dir='ltr'><em>μακαριζόντων</em></span> <span class='ocrx_word' id='word_1_190' title='bbox 1457 1675 1537 1731; x_wconf 87' lang='grc' dir='ltr'><em>τὴν</em></span> <span class='ocrx_word' id='word_1_191' title='bbox 1570 1674 1810 1744; x_wconf 84' lang='grc' dir='ltr'><em>εὐποτμίαν</em></span> 
     </span>
     <span class='ocr_line' id='line_1_26' title="bbox 371 1729 1808 1844; baseline 0 -69"><span class='ocrx_word' id='word_1_192' title='bbox 371 1732 567 1791; x_wconf 60' lang='grc' dir='ltr'><em>ρόαύτοῦ</em></span> <span class='ocrx_word' id='word_1_193' title='bbox 596 1731 690 1775; x_wconf 92' lang='grc' dir='ltr'><em>τότε</em></span> <span class='ocrx_word' id='word_1_194' title='bbox 720 1731 906 1785; x_wconf 82' lang='grc' dir='ltr'><em>μάλιστα</em></span> <span class='ocrx_word' id='word_1_195' title='bbox 934 1731 1247 1785; x_wconf 82' lang='grc' dir='ltr'><em>προςδὲχεσθαι</em></span> <span class='ocrx_word' id='word_1_196' title='bbox 1275 1731 1394 1786; x_wconf 78' lang='grc' dir='ltr'><em>παρὰ</em></span> <span class='ocrx_word' id='word_1_197' title='bbox 1430 1736 1507 1788; x_wconf 85' lang='grc' dir='ltr'><em>τῆς</em></span> <span class='ocrx_word' id='word_1_198' title='bbox 1527 1729 1690 1844; x_wconf 58' lang='grc' dir='ltr'><em>τύχιμῑςν</em></span> <span class='ocrx_word' id='word_1_199' title='bbox 1699 1731 1808 1787; x_wconf 82' lang='grc' dir='ltr'><em>σύμ-</em></span> 
     </span>
     <span class='ocr_line' id='line_1_27' title="bbox 427 1776 1806 1860; baseline -0.001 -27"><span class='ocrx_word' id='word_1_200' title='bbox 427 1804 606 1860; x_wconf 88' lang='grc' dir='ltr'><em>πτωμα</em></span> <span class='ocrx_word' id='word_1_201' title='bbox 647 1788 799 1841; x_wconf 77' lang='grc' dir='ltr'><em>διόπερ</em></span> <span class='ocrx_word' id='word_1_202' title='bbox 850 1786 1166 1856; x_wconf 85' lang='grc' dir='ltr'><em>προςεύχεσθαι</em></span> <span class='ocrx_word' id='word_1_203' title='bbox 1200 1804 1290 1831; x_wconf 89' lang='grc' dir='ltr'><em>των</em></span> <span class='ocrx_word' id='word_1_204' title='bbox 1327 1776 1447 1831; x_wconf 80' lang='grc' dir='ltr'><em>θεῶν</em></span> <span class='ocrx_word' id='word_1_205' title='bbox 1483 1805 1572 1831; x_wconf 92' lang='grc' dir='ltr'><em>των</em></span> <span class='ocrx_word' id='word_1_206' title='bbox 1663 1790 1806 1857; x_wconf 86' lang='grc' dir='ltr'><em>νδη-</em></span> 
     </span>
     <span class='ocr_line' id='line_1_28' title="bbox 427 1806 1810 1915; baseline 0 -26"><span class='ocrx_word' id='word_1_207' title='bbox 427 1848 595 1915; x_wconf 89' lang='grc' dir='ltr'><em>μοσίων</em></span> <span class='ocrx_word' id='word_1_208' title='bbox 625 1847 684 1895; x_wconf 83' lang='grc' dir='ltr'><em>εἰς</em></span> <span class='ocrx_word' id='word_1_209' title='bbox 715 1845 849 1900; x_wconf 87' lang='grc' dir='ltr'><em>μηδεν</em></span> <span class='ocrx_word' id='word_1_210' title='bbox 874 1844 1071 1898; x_wconf 87' lang='grc' dir='ltr'><em>εμπεσεῖν</em></span> <span class='ocrx_word' id='word_1_211' title='bbox 1100 1861 1180 1900; x_wconf 85' lang='grc' dir='ltr'><em>την</em></span> <span class='ocrx_word' id='word_1_212' title='bbox 1210 1844 1475 1899; x_wconf 88' lang='grc' dir='ltr'><em>μεταβολήν,</em></span> <span class='ocrx_word' id='word_1_213' title='bbox 1506 1843 1605 1888; x_wconf 78' lang='grc' dir='ltr'><em>ἀλλ’</em></span> <span class='ocrx_word' id='word_1_214' title='bbox 1611 1806 1673 1888; x_wconf 77' lang='grc' dir='ltr'><em>μεί</em></span> <span class='ocrx_word' id='word_1_215' title='bbox 1703 1842 1810 1889; x_wconf 84' lang='grc' dir='ltr'><em>πάν-</em></span> 
     </span>
     <span class='ocr_line' id='line_1_29' title="bbox 427 1900 1810 1958; baseline 0 -13"><span class='ocrx_word' id='word_1_216' title='bbox 427 1920 511 1953; x_wconf 87' lang='grc' dir='ltr'><em>τως</em></span> <span class='ocrx_word' id='word_1_217' title='bbox 534 1901 645 1958; x_wconf 82' lang='grc' dir='ltr'><em>αὐτῃ</em></span> <span class='ocrx_word' id='word_1_218' title='bbox 662 1905 822 1955; x_wconf 81' lang='grc' dir='ltr'><em>πραξαι</em></span> <span class='ocrx_word' id='word_1_219' title='bbox 853 1904 897 1943; x_wconf 80' lang='grc' dir='ltr'><em>δε</em></span> <span class='ocrx_word' id='word_1_220' title='bbox 889 1901 1032 1944; x_wconf 88' lang='grc' dir='ltr'><em>δὀκτο</em></span> <span class='ocrx_word' id='word_1_221' title='bbox 1061 1901 1281 1956; x_wconf 85' lang='grc' dir='ltr'><em>δυςχερές,</em></span> <span class='ocrx_word' id='word_1_222' title='bbox 1315 1900 1436 1944; x_wconf 77' lang='grc' dir='ltr'><em>τοῦτ’</em></span> <span class='ocrx_word' id='word_1_223' title='bbox 1467 1904 1527 1953; x_wconf 87' lang='grc' dir='ltr'><em>εἰς</em></span> <span class='ocrx_word' id='word_1_224' title='bbox 1550 1900 1687 1945; x_wconf 88' lang='grc' dir='ltr'><em>αυτὸν</em></span> <span class='ocrx_word' id='word_1_225' title='bbox 1716 1919 1810 1945; x_wconf 90' lang='grc' dir='ltr'><em>ενα-</em></span> 
     </span>
     <span class='ocr_line' id='line_1_30' title="bbox 429 1957 1809 2027; baseline -0.001 -25"><span class='ocrx_word' id='word_1_226' title='bbox 429 1962 728 2012; x_wconf 85' lang='grc' dir='ltr'><em>περείσασθαι.</em></span> <span class='ocrx_word' id='word_1_227' title='bbox 779 1957 928 2014; x_wconf 85' lang='grc' dir='ltr'><em>διόπερ</em></span> <span class='ocrx_word' id='word_1_228' title='bbox 969 1957 1057 2013; x_wconf 79' lang='grc' dir='ltr'><em>ἅμα</em></span> <span class='ocrx_word' id='word_1_229' title='bbox 1097 1963 1157 2014; x_wconf 78' lang='grc' dir='ltr'><em>τῷ</em></span> <span class='ocrx_word' id='word_1_230' title='bbox 1200 1957 1406 2027; x_wconf 82' lang='grc' dir='ltr'><em>γενέσθαι</em></span> <span class='ocrx_word' id='word_1_231' title='bbox 1445 1959 1524 2014; x_wconf 77' lang='grc' dir='ltr'><em>τὴν</em></span> <span class='ocrx_word' id='word_1_232' title='bbox 1565 1959 1664 2013; x_wconf 87' lang='grc' dir='ltr'><em>περὶ</em></span> <span class='ocrx_word' id='word_1_233' title='bbox 1704 1958 1809 2010; x_wconf 83' lang='grc' dir='ltr'><em>τούς</em></span> 
     </span>
     <span class='ocr_line' id='line_1_31' title="bbox 374 2013 1810 2084; baseline 0 -26"><span class='ocrx_word' id='word_1_234' title='bbox 374 2019 588 2068; x_wconf 78' lang='grc' dir='ltr'><em>3Οπαῖδας</em></span> <span class='ocrx_word' id='word_1_235' title='bbox 624 2014 805 2070; x_wconf 88' lang='grc' dir='ltr'><em>ατυχίαν</em></span> <span class='ocrx_word' id='word_1_236' title='bbox 837 2016 903 2059; x_wconf 89' lang='grc' dir='ltr'><em>επὶ</em></span> <span class='ocrx_word' id='word_1_237' title='bbox 934 2015 1012 2071; x_wconf 78' lang='grc' dir='ltr'><em>μὲν</em></span> <span class='ocrx_word' id='word_1_238' title='bbox 1049 2015 1184 2071; x_wconf 80' lang='grc' dir='ltr'><em>ταύτῃ</em></span> <span class='ocrx_word' id='word_1_239' title='bbox 1216 2013 1511 2084; x_wconf 84' lang='grc' dir='ltr'><em>διαφερόντως</em></span> <span class='ocrx_word' id='word_1_240' title='bbox 1541 2019 1810 2084; x_wconf 82' lang='grc' dir='ltr'><em>λυπηθῆναι,</em></span> 
     </span>
     <span class='ocr_line' id='line_1_32' title="bbox 429 2069 1811 2142; baseline -0.001 -26"><span class='ocrx_word' id='word_1_241' title='bbox 429 2090 538 2142; x_wconf 83' lang='grc' dir='ltr'><em>περι</em></span> <span class='ocrx_word' id='word_1_242' title='bbox 560 2072 605 2115; x_wconf 80' lang='grc' dir='ltr'><em>δὲ</em></span> <span class='ocrx_word' id='word_1_243' title='bbox 642 2076 731 2114; x_wconf 76' lang='grc' dir='ltr'><em>τῶν</em></span> <span class='ocrx_word' id='word_1_244' title='bbox 770 2077 844 2126; x_wconf 79' lang='grc' dir='ltr'><em>τῆς</em></span> <span class='ocrx_word' id='word_1_245' title='bbox 880 2073 1088 2126; x_wconf 89' lang='grc' dir='ltr'><em>πατρίδος</em></span> <span class='ocrx_word' id='word_1_246' title='bbox 1127 2071 1398 2126; x_wconf 81' lang='grc' dir='ltr'><em>πραγμάτων</em></span> <span class='ocrx_word' id='word_1_247' title='bbox 1437 2069 1657 2140; x_wconf 77' lang='grc' dir='ltr'><em>εὐθαρσὴς</em></span> <span class='ocrx_word' id='word_1_248' title='bbox 1697 2077 1811 2114; x_wconf 84' lang='grc' dir='ltr'><em>εἰναι</em></span> 
     </span>
     <span class='ocr_line' id='line_1_33' title="bbox 430 2112 1810 2198; baseline -0.001 -26"><span class='ocrx_word' id='word_1_249' title='bbox 430 2112 538 2173; x_wconf 83' lang='grc' dir='ltr'><em>καθ’</em></span> <span class='ocrx_word' id='word_1_250' title='bbox 569 2129 675 2172; x_wconf 84' lang='grc' dir='ltr'><em>ὅσον</em></span> <span class='ocrx_word' id='word_1_251' title='bbox 703 2146 730 2197; x_wconf 84' lang='grc' dir='ltr'><em>η</em></span> <span class='ocrx_word' id='word_1_252' title='bbox 760 2128 866 2184; x_wconf 81' lang='grc' dir='ltr'><em>τύχη</em></span> <span class='ocrx_word' id='word_1_253' title='bbox 896 2146 977 2183; x_wconf 85' lang='grc' dir='ltr'><em>την</em></span> <span class='ocrx_word' id='word_1_254' title='bbox 1012 2129 1274 2198; x_wconf 86' lang='grc' dir='ltr'><em>παλίρροιαν</em></span> <span class='ocrx_word' id='word_1_255' title='bbox 1309 2128 1383 2170; x_wconf 86' lang='grc' dir='ltr'><em>καὶ</em></span> <span class='ocrx_word' id='word_1_256' title='bbox 1411 2127 1488 2170; x_wconf 90' lang='grc' dir='ltr'><em>τὸν</em></span> <span class='ocrx_word' id='word_1_257' title='bbox 1520 2126 1698 2182; x_wconf 82' lang='grc' dir='ltr'><em>φθόνον</em></span> <span class='ocrx_word' id='word_1_258' title='bbox 1726 2125 1810 2170; x_wconf 83' lang='grc' dir='ltr'><em>οὐκ</em></span> 
     </span>
     <span class='ocr_line' id='line_1_34' title="bbox 430 2183 1810 2238; baseline -0.001 -9"><span class='ocrx_word' id='word_1_259' title='bbox 430 2189 490 2238; x_wconf 86' lang='grc' dir='ltr'><em>εἰς</em></span> <span class='ocrx_word' id='word_1_260' title='bbox 518 2185 567 2229; x_wconf 80' lang='grc' dir='ltr'><em>τὸ</em></span> <span class='ocrx_word' id='word_1_261' title='bbox 605 2186 756 2228; x_wconf 83' lang='grc' dir='ltr'><em>κοινὸν</em></span> <span class='ocrx_word' id='word_1_262' title='bbox 794 2190 884 2228; x_wconf 81' lang='grc' dir='ltr'><em>τῶν</em></span> <span class='ocrx_word' id='word_1_263' title='bbox 922 2189 1115 2228; x_wconf 86' lang='grc' dir='ltr'><em>πολιτων</em></span> <span class='ocrx_word' id='word_1_264' title='bbox 1145 2183 1241 2228; x_wconf 81' lang='grc' dir='ltr'><em>αλλ’</em></span> <span class='ocrx_word' id='word_1_265' title='bbox 1280 2186 1340 2234; x_wconf 86' lang='grc' dir='ltr'><em>εἰς</em></span> <span class='ocrx_word' id='word_1_266' title='bbox 1377 2184 1455 2227; x_wconf 89' lang='grc' dir='ltr'><em>τὸν</em></span> <span class='ocrx_word' id='word_1_267' title='bbox 1495 2185 1610 2228; x_wconf 85' lang='grc' dir='ltr'><em>ἰ’διον</em></span> <span class='ocrx_word' id='word_1_268' title='bbox 1641 2183 1810 2228; x_wconf 79' lang='grc' dir='ltr'><em>ἐκείνου</em></span> 
     </span>
    </p>
   </div>
   <div class='ocr_carea' id='block_1_3' title="bbox 476 2307 1814 2630">
    <p class='ocr_par' dir='ltr' id='par_1_4' title="bbox 569 2307 1303 2354">
     <span class='ocr_line' id='line_1_35' title="bbox 569 2307 1303 2354; baseline -0.003 -11"><span class='ocrx_word' id='word_1_269' title='bbox 569 2307 627 2345; x_wconf 84' lang='lat'><em>94.</em></span> <span class='ocrx_word' id='word_1_270' title='bbox 650 2312 683 2345; x_wconf 91' lang='lat'><em>5.</em></span> <span class='ocrx_word' id='word_1_271' title='bbox 719 2307 837 2352; x_wconf 74' lang='grc' dir='ltr'><em>τινάς]</em></span> <span class='ocrx_word' id='word_1_272' title='bbox 862 2310 987 2352; x_wconf 80' lang='lat' dir='ltr'>incipit</span> <span class='ocrx_word' id='word_1_273' title='bbox 1013 2310 1144 2343; x_wconf 85' lang='lat' dir='ltr'>codicis</span> <span class='ocrx_word' id='word_1_274' title='bbox 1168 2322 1202 2354; x_wconf 88' lang='lat' dir='ltr'><em>p.</em></span> <span class='ocrx_word' id='word_1_275' title='bbox 1226 2309 1303 2343; x_wconf 85' lang='grc'><strong>161.</strong></span> 
     </span>
    </p>

    <p class='ocr_par' dir='ltr' id='par_1_5' title="bbox 568 2354 1280 2397">
     <span class='ocr_line' id='line_1_36' title="bbox 568 2354 1280 2397; baseline -0.001 -8"><span class='ocrx_word' id='word_1_276' title='bbox 568 2356 709 2391; x_wconf 73' lang='grc'><strong>94.12.</strong></span> <span class='ocrx_word' id='word_1_277' title='bbox 742 2354 1016 2397; x_wconf 82' lang='grc' dir='ltr'><em>πεντεκαίδεκα]</em></span> <span class='ocrx_word' id='word_1_278' title='bbox 1044 2367 1074 2389; x_wconf 81' lang='grc' dir='ltr'><em>ιε</em></span> <span class='ocrx_word' id='word_1_279' title='bbox 1100 2355 1153 2389; x_wconf 87' lang='lat' dir='ltr'><em>ed.</em></span> <span class='ocrx_word' id='word_1_280' title='bbox 1178 2358 1280 2388; x_wconf 85' lang='lat' dir='ltr'>Rom.</span> 
     </span>
    </p>

    <p class='ocr_par' dir='ltr' id='par_1_6' title="bbox 476 2399 1810 2493">
     <span class='ocr_line' id='line_1_37' title="bbox 566 2399 1810 2444; baseline 0 -9"><span class='ocrx_word' id='word_1_281' title='bbox 566 2401 621 2435; x_wconf 85' lang='lat'><em>94</em></span> <span class='ocrx_word' id='word_1_282' title='bbox 652 2402 704 2437; x_wconf 91' lang='lat'>14.</span> <span class='ocrx_word' id='word_1_283' title='bbox 738 2401 962 2444; x_wconf 74' lang='grc' dir='ltr'><em>τεταρταῖος]</em></span> <span class='ocrx_word' id='word_1_284' title='bbox 990 2405 1041 2434; x_wconf 84' lang='lat' dir='ltr'><em>lta</em></span> <span class='ocrx_word' id='word_1_285' title='bbox 1068 2402 1145 2435; x_wconf 89' lang='lat' dir='ltr'>eod.</span> <span class='ocrx_word' id='word_1_286' title='bbox 1174 2402 1314 2434; x_wconf 78' lang='lat' dir='ltr'>Mallem</span> <span class='ocrx_word' id='word_1_287' title='bbox 1332 2400 1484 2434; x_wconf 86' lang='lat' dir='ltr'>scribere</span> <span class='ocrx_word' id='word_1_288' title='bbox 1501 2399 1718 2444; x_wconf 82' lang='grc' dir='ltr'><em>τεταρταίον</em></span> <span class='ocrx_word' id='word_1_289' title='bbox 1735 2401 1810 2435; x_wconf 82' lang='lat' dir='ltr'>sine</span> 
     </span>
     <span class='ocr_line' id='line_1_38' title="bbox 476 2448 1640 2494; baseline -0.003 -10"><span class='ocrx_word' id='word_1_290' title='bbox 476 2450 772 2494; x_wconf 81' lang='lat' dir='ltr'>interpunctione.</span> <span class='ocrx_word' id='word_1_291' title='bbox 808 2451 902 2481; x_wconf 68' lang='lat' dir='ltr'><em>MAI.</em></span> <span class='ocrx_word' id='word_1_292' title='bbox 950 2450 1039 2481; x_wconf 87' lang='lat' dir='ltr'>Puto</span> <span class='ocrx_word' id='word_1_293' title='bbox 1066 2460 1107 2481; x_wconf 75' lang='lat' dir='ltr'><em>ex</em></span> <span class='ocrx_word' id='word_1_294' title='bbox 1132 2448 1420 2481; x_wconf 83' lang='lat' dir='ltr'><strong>antecedentibus</strong></span> <span class='ocrx_word' id='word_1_295' title='bbox 1444 2448 1640 2492; x_wconf 84' lang='lat' dir='ltr'>irrepsisse.</span> 
     </span>
    </p>

    <p class='ocr_par' dir='ltr' id='par_1_7' title="bbox 569 2491 1013 2538">
     <span class='ocr_line' id='line_1_39' title="bbox 569 2491 1013 2538; baseline -0.005 -10"><span class='ocrx_word' id='word_1_296' title='bbox 569 2491 625 2528; x_wconf 85' lang='lat'><em>94</em></span> <span class='ocrx_word' id='word_1_297' title='bbox 652 2496 708 2528; x_wconf 72' lang='lat'>28.</span> <span class='ocrx_word' id='word_1_298' title='bbox 743 2491 853 2538; x_wconf 72' lang='grc' dir='ltr'><em>αὐτῇ]</em></span> <span class='ocrx_word' id='word_1_299' title='bbox 881 2506 928 2527; x_wconf 86' lang='grc' dir='ltr'><em>αν</em></span> <span class='ocrx_word' id='word_1_300' title='bbox 955 2494 1013 2526; x_wconf 75' lang='lat' dir='ltr'><em>tc?</em></span> 
     </span>
    </p>

    <p class='ocr_par' dir='ltr' id='par_1_8' title="bbox 477 2536 1810 2630">
     <span class='ocr_line' id='line_1_40' title="bbox 567 2536 1810 2585; baseline -0.003 -10"><span class='ocrx_word' id='word_1_301' title='bbox 567 2542 624 2576; x_wconf 85' lang='lat'><em>94.</em></span> <span class='ocrx_word' id='word_1_302' title='bbox 651 2542 707 2575; x_wconf 89' lang='grc'><em>31.</em></span> <span class='ocrx_word' id='word_1_303' title='bbox 738 2537 939 2585; x_wconf 80' lang='grc' dir='ltr'><em>εὐθαρσης]</em></span> <span class='ocrx_word' id='word_1_304' title='bbox 977 2539 1032 2571; x_wconf 85' lang='lat' dir='ltr'><em>Ad</em></span> <span class='ocrx_word' id='word_1_305' title='bbox 1061 2539 1192 2572; x_wconf 82' lang='lat' dir='ltr'><strong>codicis</strong></span> <span class='ocrx_word' id='word_1_306' title='bbox 1227 2540 1432 2584; x_wconf 83' lang='lat' dir='ltr'>scripturam</span> <span class='ocrx_word' id='word_1_307' title='bbox 1457 2536 1656 2581; x_wconf 80' lang='grc' dir='ltr'><em>ευθαρσεῖς</em></span> <span class='ocrx_word' id='word_1_308' title='bbox 1678 2539 1810 2572; x_wconf 83' lang='lat' dir='ltr'>Maius:</span> 
     </span>
     <span class='ocr_line' id='line_1_41' title="bbox 477 2583 1814 2630; baseline -0.002 -10"><span class='ocrx_word' id='word_1_309' title='bbox 477 2589 564 2629; x_wconf 81' lang='lat' dir='ltr'>„Ita</span> <span class='ocrx_word' id='word_1_310' title='bbox 590 2587 668 2621; x_wconf 88' lang='lat' dir='ltr'>cod.</span> <span class='ocrx_word' id='word_1_311' title='bbox 703 2589 771 2621; x_wconf 88' lang='lat' dir='ltr'><em>Sed</em></span> <span class='ocrx_word' id='word_1_312' title='bbox 795 2589 934 2621; x_wconf 80' lang='lat' dir='ltr'>mallem</span> <span class='ocrx_word' id='word_1_313' title='bbox 959 2583 1147 2630; x_wconf 81' lang='grc' dir='ltr'><em>ευθαρσῆ,</em></span> <span class='ocrx_word' id='word_1_314' title='bbox 1171 2586 1222 2619; x_wconf 89' lang='lat' dir='ltr'><em>ita</em></span> <span class='ocrx_word' id='word_1_315' title='bbox 1245 2593 1283 2618; x_wconf 90' lang='lat' dir='ltr'><em>ut</em></span> <span class='ocrx_word' id='word_1_316' title='bbox 1306 2587 1498 2619; x_wconf 81' lang='lat' dir='ltr'>referretur</span> <span class='ocrx_word' id='word_1_317' title='bbox 1521 2586 1567 2619; x_wconf 90' lang='lat' dir='ltr'><em>ad</em></span> <span class='ocrx_word' id='word_1_318' title='bbox 1589 2584 1814 2618; x_wconf 84' lang='lat' dir='ltr'>Aemilium.“</span> 
     </span>
    </p>
   </div>
   <div class='ocr_carea' id='block_1_4' title="bbox 433 2695 1814 2928">
    <p class='ocr_par' dir='ltr' id='par_1_9' title="bbox 433 2695 1814 2834">
     <span class='ocr_line' id='line_1_42' title="bbox 527 2695 1814 2752; baseline -0.003 -19"><span class='ocrx_word' id='word_1_319' title='bbox 527 2699 584 2733; x_wconf 76' lang='lat'><em>94.</em></span> <span class='ocrx_word' id='word_1_320' title='bbox 609 2698 643 2733; x_wconf 88' lang='lat'><em>5.</em></span> <span class='ocrx_word' id='word_1_321' title='bbox 684 2698 787 2732; x_wconf 74' lang='lat' dir='ltr'><em>Bene</em></span> <span class='ocrx_word' id='word_1_322' title='bbox 818 2697 964 2731; x_wconf 77' lang='lat' dir='ltr'><em>recitant</em></span> <span class='ocrx_word' id='word_1_323' title='bbox 994 2698 1087 2731; x_wconf 82' lang='lat' dir='ltr'><strong>hanc</strong></span> <span class='ocrx_word' id='word_1_324' title='bbox 1119 2697 1334 2752; x_wconf 64' lang='lat' dir='ltr'>orationem3</span> <span class='ocrx_word' id='word_1_325' title='bbox 1368 2698 1468 2741; x_wconf 78' lang='lat' dir='ltr'>quasi</span> <span class='ocrx_word' id='word_1_326' title='bbox 1501 2698 1543 2731; x_wconf 86' lang='lat' dir='ltr'><em>de</em></span> <span class='ocrx_word' id='word_1_327' title='bbox 1571 2708 1635 2731; x_wconf 88' lang='lat' dir='ltr'><em>suo</em></span> <span class='ocrx_word' id='word_1_328' title='bbox 1665 2695 1814 2738; x_wconf 72' lang='lat' dir='ltr'>quisque</span> 
     </span>
     <span class='ocr_line' id='line_1_43' title="bbox 433 2739 1812 2790; baseline -0.004 -10"><span class='ocrx_word' id='word_1_329' title='bbox 433 2757 523 2790; x_wconf 85' lang='lat' dir='ltr'>penu</span> <span class='ocrx_word' id='word_1_330' title='bbox 534 2751 718 2788; x_wconf 78' lang='lat' dir='ltr'>pmmeret,</span> <span class='ocrx_word' id='word_1_331' title='bbox 741 2744 861 2778; x_wconf 79' lang='lat' dir='ltr'>Livius</span> <span class='ocrx_word' id='word_1_332' title='bbox 879 2744 981 2777; x_wconf 74' lang='lat' dir='ltr'>XLV.</span> <span class='ocrx_word' id='word_1_333' title='bbox 1007 2744 1334 2784; x_wconf 70' lang='lat' dir='ltr'>41·Pi11tarc1=us</span> <span class='ocrx_word' id='word_1_334' title='bbox 1324 2756 1359 2777; x_wconf 87' lang='lat' dir='ltr'><strong>m</strong></span> <span class='ocrx_word' id='word_1_335' title='bbox 1377 2743 1529 2778; x_wconf 82' lang='lat' dir='ltr'>Aemilio</span> <span class='ocrx_word' id='word_1_336' title='bbox 1546 2752 1621 2787; x_wconf 86' lang='lat' dir='ltr'>cap.</span> <span class='ocrx_word' id='word_1_337' title='bbox 1638 2739 1812 2782; x_wconf 83' lang='lat' dir='ltr'>XXXVI;</span> 
     </span>
     <span class='ocr_line' id='line_1_44' title="bbox 435 2788 1338 2834; baseline -0.003 -9"><span class='ocrx_word' id='word_1_338' title='bbox 435 2798 472 2826; x_wconf 78' lang='lat' dir='ltr'><em>et</em></span> <span class='ocrx_word' id='word_1_339' title='bbox 492 2792 669 2834; x_wconf 78' lang='lat' dir='ltr'>Appianus</span> <span class='ocrx_word' id='word_1_340' title='bbox 691 2791 728 2824; x_wconf 89' lang='lat' dir='ltr'><em>in</em></span> <span class='ocrx_word' id='word_1_341' title='bbox 750 2788 983 2824; x_wconf 76' lang='lat' dir='ltr'>macedonicis</span> <span class='ocrx_word' id='word_1_342' title='bbox 1005 2791 1068 2822; x_wconf 85' lang='lat' dir='ltr'>ecl.</span> <span class='ocrx_word' id='word_1_343' title='bbox 1094 2790 1161 2823; x_wconf 85' lang='lat' dir='ltr'><em>XV</em></span> <span class='ocrx_word' id='word_1_344' title='bbox 1164 2790 1208 2822; x_wconf 87' lang='grc' dir='ltr'><strong>ΙΙ.</strong></span> <span class='ocrx_word' id='word_1_345' title='bbox 1241 2789 1338 2824; x_wconf 73' lang='lat' dir='ltr'>MAI.</span> 
     </span>
    </p>

    <p class='ocr_par' dir='ltr' id='par_1_10' title="bbox 435 2832 1814 2928">
     <span class='ocr_line' id='line_1_45' title="bbox 529 2832 1814 2880; baseline -0.003 -9"><span class='ocrx_word' id='word_1_346' title='bbox 529 2837 585 2871; x_wconf 77' lang='lat'><em>94.</em></span> <span class='ocrx_word' id='word_1_347' title='bbox 612 2838 666 2871; x_wconf 85' lang='lat'><em>10.</em></span> <span class='ocrx_word' id='word_1_348' title='bbox 692 2837 772 2870; x_wconf 75' lang='lat' dir='ltr'>Liv.</span> <span class='ocrx_word' id='word_1_349' title='bbox 798 2837 885 2880; x_wconf 78' lang='lat' dir='ltr'><em>App.</em></span> <span class='ocrx_word' id='word_1_350' title='bbox 913 2836 1091 2869; x_wconf 74' lang='lat' dir='ltr'>Plutarch.</span> <span class='ocrx_word' id='word_1_351' title='bbox 1117 2837 1235 2880; x_wconf 82' lang='lat' dir='ltr'>quinto</span> <span class='ocrx_word' id='word_1_352' title='bbox 1259 2836 1326 2869; x_wconf 78' lang='lat' dir='ltr'><em>die.</em></span> <span class='ocrx_word' id='word_1_353' title='bbox 1360 2835 1436 2869; x_wconf 73' lang='lat' dir='ltr'><em>Nisi</em></span> <span class='ocrx_word' id='word_1_354' title='bbox 1456 2834 1568 2871; x_wconf 79' lang='lat' dir='ltr'>mavis</span> <span class='ocrx_word' id='word_1_355' title='bbox 1590 2833 1698 2869; x_wconf 82' lang='lat' dir='ltr'>etiam</span> <span class='ocrx_word' id='word_1_356' title='bbox 1720 2832 1814 2877; x_wconf 75' lang='lat' dir='ltr'>apud</span> 
     </span>
     <span class='ocr_line' id='line_1_46' title="bbox 435 2882 1412 2928; baseline -0.001 -11"><span class='ocrx_word' id='word_1_357' title='bbox 435 2883 631 2918; x_wconf 75' lang='lat' dir='ltr'>Diodorum</span> <span class='ocrx_word' id='word_1_358' title='bbox 651 2882 873 2927; x_wconf 68' lang='lat' dir='ltr'><em>interpretari</em></span> <span class='ocrx_word' id='word_1_359' title='bbox 893 2886 971 2928; x_wconf 80' lang='lat' dir='ltr'><em>post</em></span> <span class='ocrx_word' id='word_1_360' title='bbox 993 2887 1155 2927; x_wconf 77' lang='lat' dir='ltr'><em>quartum</em></span> <span class='ocrx_word' id='word_1_361' title='bbox 1179 2882 1279 2918; x_wconf 78' lang='lat' dir='ltr'>diem.</span> <span class='ocrx_word' id='word_1_362' title='bbox 1315 2882 1412 2917; x_wconf 80' lang='lat' dir='ltr'>MAl.</span> 
     </span>
    </p>
   </div>
   <div class='ocr_carea' id='block_1_5' title="bbox 1821 1746 1865 1781">
    <p class='ocr_par' dir='ltr' id='par_1_11' title="bbox 1821 1746 1865 1781">
     <span class='ocr_line' id='line_1_47' title="bbox 1821 1746 1865 1781; baseline 0.023 -1"><span class='ocrx_word' id='word_1_363' title='bbox 1821 1746 1865 1781; x_wconf 84' lang='lat'><em>83</em></span> 
     </span>
    </p>
   </div>
   <div class='ocr_carea' id='block_1_6' title="bbox 1958 2575 1968 2915">
    <p class='ocr_par' dir='ltr' id='par_1_12' title="bbox 1958 2575 1968 2915">
     <span class='ocr_line' id='line_1_48' title="bbox 1958 2575 1968 2915; textangle 90"><span class='ocrx_word' id='word_1_364' title='bbox 1958 2896 1966 2915; x_wconf 57' lang='lat' dir='ltr'><em>r«</em></span> <span class='ocrx_word' id='word_1_365' title='bbox 1958 2666 1968 2869; x_wconf 55' lang='lat' dir='ltr'><em>0⁴⁵·P&#39;⁴·‚-⁴&#39;*1:⁴‘&#39;²</em></span> <span class='ocrx_word' id='word_1_366' title='bbox 1958 2621 1968 2640; x_wconf 64' lang='grc' dir='ltr'>Φ</span> <span class='ocrx_word' id='word_1_367' title='bbox 1960 2575 1968 2595; x_wconf 48' lang='grc' dir='ltr'><em>,τι</em></span> 
     </span>
    </p>
   </div>
  </div>
 </body>
</html>
