1968 3346
419 165 505 218 132
562 174 870 216 EXGERPTA
898 175 970 215 DE
1003 175 1153 218 va.
1183 177 1261 219 ΕΤ
1291 168 1703 223 V1'r.1,.'xxx111,

524 283 624 329 ’Ότι
658 285 929 357 Οὖιρίατθος
969 285 992 333 ὁ
1031 287 1274 345 λῄσταρχος
1304 286 1332 333 o‘
1372 290 1624 342 Λυσιτανὸς
1660 293 1734 336 καὶ
1765 295 1825 337 δί

420 358 547 393 καιος
573 338 629 399 ἦν
656 341 704 386 ἐν
734 349 829 395 ταῖς
860 346 1092 400 διανομαῖς
1120 349 1226 430 τῶνξς
1239 344 1457 402 λαφύρων
1477 349 1551 391 καὶ
1569 348 1670 392 κατ’
1700 349 1896 402 ἄξίαν592

425 403 564 451 τιμῶν
592 399 696 450 τοὺς
726 399 1154 472 ανδραγαθήσαντας
1184 402 1417 457 ἐξαιρέτοις
1459 404 1644 459 δώροις,
1687 407 1748 450 ἐτι
1780 408 1827 452 δὲ

342 455 398 498 55
429 455 565 500 ουδὲν
594 455 741 508 ἁπλῶς
774 458 820 501 ἐκ
849 462 939 501 τῶν
969 463 1135 502 κοινῶν
1154 459 1485 530 νοσφιζόμενος.
1518 460 1586 504 διο
1607 462 1679 505 καὶ
1701 463 1829 506 συνέ-

429 516 556 570 βαινε
583 513 687 565 τοὺς
698 514 1008 569 [Λυσιτανοὺς]
1031 515 1349 586 προθυμότατα
1367 518 1730 590 συγκινδυνεύειν
1752 519 1830 564 av'-

431 573 515 628 τῷ,
536 574 763 642 τιμῶντας
794 573 934 614 οἱονεί
963 588 1062 614 τινα
1092 573 1247 616 κοινόν
1277 571 1508 630 εὐεργέτην
1537 576 1609 618 καὶ
1641 581 1829 646 σωτῆρα.

536 625 636 670 Ὀτι
667 626 690 671 ὁ
724 627 948 678 Πλαύτιος
985 627 1009 672 ὁ
1048 628 1302 681 ἕξαπέλεκυς
1338 632 1576 687 στρατηγὸς
1606 637 1696 675 τῶν
1721 631 1829 676 Ρω-

345 684 402 726 60
430 683 578 754 μαίων
606 683 741 735 κακὸς
771 685 1020 741 προστατης
1050 686 1222 756 ἐγένετο
1247 687 1294 730 ἐν
1321 692 1375 745 τῆ
1405 688 1601 746 ἐπαρχία.
1633 687 1732 732 ανθ’
1763 685 1829 733 ὧν

427 739 688 794 κατάκριτος
723 741 771 784 ἐν
792 747 864 813 τῆ
902 745 1081 798 πατρίδι
1118 742 1355 815 γενόμενος
1386 746 1456 788 ἐπὶ
1485 750 1547 802 τῷ
1576 762 1829 790 τεταπεινω-

427 798 552 841 κέναι
581 797 663 852 τὴν
694 796 845 854 αρχήν,
873 799 1045 868 ἔφυγεν
1075 800 1122 843 ἐκ
1152 804 1228 872 τῆς
1252 799 1430 858 Ρώμης.
1469 852 1478 856 ⁷

531 853 635 897 Ὀτι
678 855 787 898 κατα
830 855 912 912 τήν
950 859 1124 911 Συρίαν
1157 856 1434 912 Ἀλέξανδρος
1465 857 1488 903 ὁ
1517 857 1723 913 βασιλευς
1753 857 1827 902 δια

343 909 399 953 65
429 909 511 967 τὴν
545 908 784 955 ἀσθένειαν
820 917 899 969 τῆς
940 919 1083 985 ψυχῆς
1122 913 1338 971 ἄχρηστος
1369 915 1432 958 ὠν
1462 918 1523 966 εἰς
1550 917 1827 967 προστασίαν

425 968 649 1037 βασιλείας
684 985 737 1012 τα
767 986 878 1014 κατα
906 970 987 1028 τὴν
1016 970 1279 1029 Ἀντιόχειαν
1309 972 1541 1030 ἐπέτρεψεν
1564 971 1722 1027 Ιέρακι
1750 972 1827 1016 καὶ

424 1023 644 1096 Διοδότῳ.

527 1069 628 1125 Ὀτι
655 1082 930 1139 Δημήτριος,
973 1084 1338 1157 τεταπεινωμένης
1367 1090 1441 1142 τῆς
1467 1084 1568 1131 κατ’
1595 1087 1828 1142 Αἴγυπτον

428 1140 556 1193 βασιλ
561 1155 595 1182 ει
587 1140 663 1190 ἀς,
694 1141 767 1183 καὶ
796 1140 932 1196 μόνος
962 1140 1263 1213 ἀπολειφθείς,
1297 1143 1598 1188 απολελύσθαι
1629 1144 1827 1213 διέλαβεν

342 1196 399 1235 70
429 1194 587 1239 ἑαυτὸν
602 1197 766 1248 παντὸς
784 1197 1013 1243 κινδύνου.
1048 1199 1202 1254 διόπερ
1225 1205 1300 1271 τῆς
1321 1200 1548 1274 συνήθρυς
1567 1206 1658 1251 τοῖς
1679 1199 1828 1256 ὄχλοις

359 1299 367 1312 Τ
427 1251 654 1305 ἀρεσκείας
683 1255 1042 1324 καταφρονήσας,
1071 1274 1144 1300 και
1176 1231 1430 1312 βαρύτερος
1449 1257 1514 1301 οΞεὶ
1544 1261 1712 1314 μᾶλλον
1733 1262 1827 1308 τοῖς

425 1309 729 1365 προςτάγμασι
757 1312 1011 1368 γινόμενος,
1057 1314 1308 1385 απέσκηψεν
1338 1317 1398 1366 εἷς
1431 1315 1632 1370 ωμότητα
1660 1331 1825 1386 τυραν-

424 1366 556 1435 νικῆν
586 1383 662 1410 και
692 1371 905 1412 ποικίλων
936 1369 1234 1442 ἅνομηματων
1262 1371 1522 1441 ὑπερβολάς.
1562 1373 1678 1416 αἰτία
1699 1370 1742 1415 δ’
1768 1373 1826 1428 ἠν

427 1421 546 1491 αὐτῷ
577 1427 652 1479 τῆς
683 1425 921 1477 διαθέσεως
951 1443 1110 1496 ταυτης
1140 1427 1194 1472 οὐ
1223 1429 1367 1480 μόνον
1387 1428 1414 1483 ἡ
1437 1429 1584 1499 φύσις,
1619 1428 1730 1472 αλλὰ
1749 1429 1826 1472 καὶ

343 1481 397 1523 75
429 1478 453 1522 6
482 1485 557 1536 τῆς
587 1483 807 1535 βασιλείας
846 1484 1137 1541 προεστηκιός.
1187 1483 1318 1537 οὗτος
1355 1503 1438 1555 γαρ
1470 1484 1630 1557 ασεβής
1661 1486 1722 1528 ὦν
1750 1502 1826 1528 και

429 1537 664 1602 ραδιουῡν
659 1556 693 1579 1-
723 1555 903 1586 παντων
932 1559 1022 1585 των
1051 1545 1201 1585 κακῶν
1235 1544 1456 1613 εἰςηγητής
1480 1543 1666 1612 ἐγένετο,
1697 1547 1826 1585 κολαέ

426 1617 570 1643 κευων
601 1600 649 1643 τὸ
681 1616 926 1670 μειρακιον
932 1600 1005 1642 καὶ
1027 1599 1385 1654 προτρεπόμενος
1410 1601 1471 1668 εἰς
1499 1617 1577 1650 τας
1608 1600 1826 1655 αἰσχίστας

428 1656 619 1726 προέξεις.
670 1657 720 1700 τό
753 1673 832 1711 μεν
872 1659 955 1700 οὐν
991 1661 1169 1712 πρῶτον
1198 1657 1303 1707 τοὺς
1334 1656 1380 1699 ἐν
1407 1674 1467 1716 τῳ
1498 1656 1674 1726 πολέμῳ
1703 1673 1826 1726 γεγο-

344 1718 398 1760 80
430 1713 560 1784 v6tccg
591 1712 846 1768 ἀλλοτρίους
877 1714 932 1757 οὐ
962 1715 1155 1768 μετρίαις
1184 1702 1476 1768 ἐπιτιμήσεσιν
1506 1712 1718 1766 ἐκόλαζεν,
1752 1712 1825 1757 οἷλ-

356 1812 364 1815 ,
423 1769 478 1814 λα
510 1772 738 1824 τιμωρίαις
769 1771 1099 1840 ἐξηλλαγμένως
1129 1771 1425 1826 περιέβαλλεν.
1457 1771 1601 1814 ἔπειτα
1630 1774 1716 1813 τῶν
1734 1767 1826 1812 Ἀν-

423 1827 606 1883 τιοχέων
635 1827 875 1884 χρωμένων
903 1826 1028 1899 πρὸς,
1043 1826 1181 1871 αὐτὸν
1210 1832 1264 1884 τῆ
1295 1829 1522 1885 συνηθεία,
1553 1827 1727 1900 ξενικην
1748 1823 1824 1870 δύ-

422 1901 557 1940 ναμιν
598 1883 830 1940 αξιόλογον
869 1883 941 1943 ἐπ’
974 1883 1137 1935 αὐτούς
1178 1883 1497 1940 συνεστήσατο,
1547 1884 1622 1928 καὶ
1661 1901 1715 1927 τα
1742 1898 1823 1938 μεν

425 1941 540 1985 ὅπλα
569 1944 820 1998 παρείλετο,
860 1958 950 1985 των
982 1941 1027 1984 δε
1057 1960 1114 1997 μη
1146 1941 1511 1996 προαιρουμένων
1541 1943 1824 1997 παραδοῦναι

341 2001 396 2043 85
426 1997 529 2049 τοὺς
557 2000 636 2053 μὲν
667 2000 713 2042 ἐν
742 2015 897 2054 χειρων
926 1996 1050 2054 νόμῳ
1082 1999 1317 2054 διέφθειρε,
1348 2015 1455 2049 τους
1486 1998 1532 2042 δὲ
1563 1998 1610 2041 ἐν
1637 2003 1732 2049 ταῖς
1762 1999 1823 2040 οἶ-

422 2057 539 2106 κίαις
568 2056 673 2124 μετὰ
698 2057 864 2099 τέκνων
894 2057 967 2100 καὶ
995 2060 1218 2110 γυναικῶν
1241 2055 1534 2111 κατεκέντησε.
1565 2054 1752 2111 μεγάλης
1774 2054 1823 2098 δε

422 2118 615 2168 ταραχῆς
650 2112 886 2169 γενομένης
925 2113 1024 2168 περὶ
1062 2112 1139 2157 τὸν
1179 2113 1509 2172 παροπλισμόν,
1550 2129 1602 2155 τα
1644 2116 1823 2155 πλεῖστα
1856 2145 1861 2146 ⁷

422 2173 498 2225 τῆς
538 2169 706 2220 πόλεως
754 2170 973 2241 ἐνέπρησε.
1015 2171 1207 2222 πολλοὺς
1245 2171 1291 2214 δε
1319 2186 1409 2213 των
1445 2169 1822 2213 καταιτιαθέντων

423 2226 782 2283 τιμωρησάμενος
812 2229 870 2278 εἰς
899 2226 948 2271 τὸ
980 2230 1210 2282 βασιλικὸν
1239 2231 1418 2282 ταμεῖον
1447 2243 1525 2277 τας
1556 2224 1708 2277 ου’σίας
1727 2223 1823 2268 ἀνέ-

340 2283 397 2324 90
426 2286 543 2339 λαβε.
601 2284 675 2327 διοὲ
715 2284 760 2327 δὲ
796 2283 875 2328 τὸν
905 2283 1053 2340 φόβον
1085 2285 1159 2328 καὶ
1187 2283 1236 2328 τὸ
1267 2289 1394 2355 μῖσος
1431 2284 1585 2327 πολλοὶ
1612 2299 1703 2327 των
1727 2280 1822 2325 Ἀν-

425 2340 608 2395 τιοχέων
649 2340 866 2397 φυγόντες
905 2341 952 2385 ἐκ
992 2345 1067 2398 τῆς
1104 2344 1321 2412 πατρίδος
1352 2340 1525 2397 ἠλῶντο
1564 2339 1673 2384 καθ’
1709 2339 1821 2396 ὅλην

425 2413 512 2464 την
546 2399 749 2452 Συρίαν,
797 2403 1034 2454 τηροῦντες
1070 2415 1175 2449 τους
1216 2415 1327 2442 κατα
1366 2401 1447 2442 τοῦ
1477 2398 1688 2468 βασιλέως
1715 2413 1820 2441 και-

425 2452 548 2508 ρούς.
603 2453 626 2497 ὁ
670 2454 715 2497 δὲ
754 2455 1004 2524 Δημήτριος
1043 2454 1255 2511 ὑπάρχων
1296 2453 1448 2506 αὐτοῖς
1487 2453 1713 2525 πολέμιος,
1761 2451 1818 2497 οὗ

339 2508 394 2550 95
426 2510 589 2554 διέλιπε
617 2527 761 2554 ποιων
776 2512 960 2583 σφαγας
988 2513 1061 2555 καὶ
1093 2530 1237 2568 φυγας
1271 2513 1344 2555 καὶ
1373 2528 1607 2584 χρηματων
1637 2510 1820 2567 ἀφαιρέ-

427 2579 536 2619 σεις,
568 2567 682 2610 πολὺ
716 2568 790 2610 καὶ
819 2568 900 2625 την
929 2573 1008 2612 τοῦ
1036 2569 1203 2624 πατρός
1231 2569 1500 2639 χαλεπότητα
1528 2570 1602 2612 καὶ
1631 2585 1818 2624 μιαιφο-

424 2626 527 2668 νίαν
555 2622 926 2682 ὑπερβαλόμενος.
967 2627 1042 2670 καὶ
1072 2626 1154 2683 γὰρ
1182 2627 1346 2678 ἐκεῖνος
1375 2625 1431 2671 ου’
1460 2625 1693 2683 βασιλικην
1722 2626 1818 2669 ἐπι-ι

513 2760 595 2796 592.
625 2760 684 2798 55.
718 2758 951 2802 Λνσιτανούς
984 2762 1119 2797 addidit
1154 2762 1312 2797 Valesius
1462 2762 1520 2797 82.
1553 2761 1737 2808 συνηθείᾳ
1772 2770 1816 2795 ex

421 2804 578 2853 συνήθει
605 2833 614 2844 .
632 2834 640 2843 .
654 2834 662 2844 .
676 2835 684 2846 .
699 2822 723 2857 ᾳ
747 2809 916 2844 coaluisse
941 2808 1094 2844 videtum
1116 2809 1210 2844 idem
1234 2810 1395 2844 censebat
1420 2808 1587 2844 Reiskius
