1968 3346
462 223 763 266 EXCERPTA
790 220 984 263 PHOTII
1014 221 1061 263 L.
1086 220 1278 262 XXXIV.
1509 223 1565 264 51

177 341 268 392 ζειν
301 335 350 380 δὲ
387 335 442 379 οὐ
470 337 716 405 τολμῶντες
745 330 820 376 διὰ
848 330 930 388 τήν
959 329 1086 401 ἰσχυν
1115 330 1190 374 καὶ
1220 329 1270 375 τὸ
1307 328 1447 386 βάρος
1474 332 1565 374 τῶν

175 394 345 447 κυρίων
375 396 418 436 οἳ
442 391 672 444 ἐδέσποζον
700 394 791 433 τῶν
799 391 993 461 λῃστῶν
1020 385 1322 456 ἠναγκάζοντο
1352 390 1567 442 περιορᾶν
1593 393 1651 434 90

173 450 500 522 ληστευομένην
526 447 621 519 τὴν
658 446 970 517 ἐπαρχίαν·οῑ
1006 449 1200 487 πλεῖστοι
1228 444 1312 500 γάρ
1341 448 1431 487 τῶν
1459 460 1565 515 κτη-

175 507 324 560 τόρων
354 509 494 556 ἱππεῖς
520 503 640 554 ὄντες
668 507 760 546 τῶν
782 501 1040 557 “Ρωμαίων,
1077 502 1152 544 καὶ
1180 501 1324 570 κριταὶ
1352 506 1445 552 τοῖς
1473 500 1561 545 ἀπὸ

164 565 266 607 ’τῶν
284 560 501 635 ἐπαρχιῶν
519 559 920 616 κατηγορουμένοις
939 562 1194 628 στρατηγοῖς
1210 555 1449 627 γινόμενοι,
1481 574 1564 612 φο-

175 620 298 690 βεροὶ
337 625 428 669 τοῖς
472 615 684 672 ἄρχουσιν
723 617 937 672 ὑπῆρχον
975 614 1221 670 πιεζόμενοι
1259 613 1305 657 δὲ
1335 615 1379 657 οἱ
1409 615 1562 659 δοῦλοι
1590 618 1647 661 95

175 682 272 728 ταῖς
310 675 643 742 ταλαιπωρίαις,
687 673 762 716 καὶ
800 676 987 726 πληγαῖς
1029 687 1083 714 τα
1122 669 1263 728 πολλα
1305 670 1566 740 παραλόγως

174 732 468 804 υβριζόμενοι,
500 728 582 786 οὐχ
600 728 834 782 υπέμενον.
861 727 1086 778 συνιόντες
1115 729 1198 770 οὐν
1221 724 1436 799 ἀλληλοις
1453 744 1566 771 κατα

174 790 252 840 τας
280 787 502 841 εὐκαιρίας
528 785 802 830 συνελάλουν
813 785 930 844 περὶ
958 782 1258 836 ἀποστάσεως,
1290 784 1371 834 ε’ως
1400 785 1460 833 εἰς
1487 785 1566 839 ἔρ-

175 862 257 916 γον
284 845 376 916 τὴν
396 844 564 899 βουλὴν
592 842 772 913 η’γαγον.
803 844 861 913 ἠν
890 841 937 885 δέ
964 858 1030 893 τις
1060 840 1226 896 οἰκέτης
1254 838 1410 908 Συρος
1435 839 1566 884 Ἀντι-

173 900 330 972 γένους
365 899 572 944 Ένναίου
600 899 650 943 τό
690 898 827 968 γένος
845 898 892 942 ἐκ
924 902 1000 953 τῆς
1032 894 1286 971 Ἀπαμείας,
1327 895 1564 952 ἄνθρωπος
1594 904 1677 947 100

168 959 316 1016 μάγος
351 959 426 1001 καὶ
455 956 746 1028 τερατουργὸς
784 955 861 999 τὸν
889 954 1069 1009 τρόπον
1109 949 1238 1006 οὗτος
1267 959 1565 1008 προςεποιεῖτο

174 1020 296 1059 θεῶν
334 1013 594 1084 ἐπιτάγμασι
629 1012 737 1058 καθ’
783 1012 929 1056 ύπνον
968 1011 1197 1066 προλέγειν
1233 1009 1288 1054 τά
1336 1010 1564 1066 μέλλοντα,

174 1072 248 1117 καὶ
287 1070 481 1122 πολλοὺς
520 1070 594 1114 διά
629 1069 710 1140 τὴν
752 1070 815 1120 εἷς
842 1073 972 1113 τοῦτο
1001 1067 1050 1111 τὸ
1080 1068 1213 1138 μέρος
1242 1065 1436 1121 εὐφυΐαν
1466 1067 1569 1136 ἔζη-

173 1128 301 1173 πάτα.
331 1128 538 1172 ἐντεῦθεν
566 1125 737 1180 προϊῶν
761 1123 815 1169 οὐ
841 1124 987 1196 μόνον
1015 1124 1058 1176 ἐξ
1084 1122 1270 1177 ὀνείρων
1294 1123 1564 1178 ἐμαντεύετο,
1621 1130 1650 1172 5

174 1185 286 1230 αλλὰ
325 1185 400 1229 καὶ
438 1182 740 1254 ἐγρηγορότως
784 1181 920 1233 θεοὺς
965 1179 1079 1236 ὁρᾶν
1117 1179 1374 1252 ’ὑπεκρίνετρ
1413 1181 1488 1224 καὶ
1523 1181 1568 1233 ἐξ

175 1241 324 1285 αὐτῶν
353 1240 532 1285 ακούειν
561 1257 616 1283 τα
645 1240 869 1295 μέλλοντα.
901 1242 1079 1283 πολλῶν
1109 1236 1152 1282 δ’
1195 1237 1266 1282 ὑπ’
1299 1237 1439 1281 αὐτοῦ
1470 1249 1570 1293 σχε-

173 1297 455 1368 διαζομένων
473 1295 557 1342 απὸ
585 1296 717 1353 τύχης
748 1296 843 1340 ἔνια
871 1294 983 1349 πρὸς
1012 1292 1226 1366 ἀλήθειαν
1256 1294 1466 1349 ἐξέβαινε·
1494 1294 1570 1338 καὶ

172 1360 263 1400 τῶν
292 1355 372 1410 μὲν
401 1353 460 1411 μὴ
492 1355 740 1425 γινομένων
779 1351 862 1396 ὑπ’
906 1351 1090 1404 ου’δενός
1128 1352 1446 1422 ἐλεγχομένων,
1476 1355 1568 1395 τῶν

174 1413 222 1456 δὲ
253 1412 608 1466 συντελουμένων
637 1409 923 1480 ἐπισημασίας
960 1407 1294 1465 τυγχανόντων,
1335 1407 1567 1464 προκοπὴν
1597 1415 1651 1455 10

172 1467 418 1525 ἐλάμβανεν
444 1467 472 1524 ἡ
502 1467 602 1523 περὶ
631 1465 766 1510 αὐτὸν
796 1465 914 1519 δόξα.
948 1470 1198 1509 τελευταῖον
1228 1463 1302 1509 διά
1329 1481 1449 1516 τινος
1476 1482 1567 1522 μη-

171 1530 308 1593 χανῆς
335 1529 443 1596 πῦρ
455 1524 562 1580 μετά
589 1538 713 1575 τινος
741 1523 1072 1576 ἐνθουσιασμοῦ
1101 1523 1175 1565 καὶ
1207 1521 1353 1578 φλόγα
1381 1520 1455 1565 διὰ
1484 1526 1567 1566 τοῦ

175 1582 389 1638 στόματος
418 1579 564 1651 ἠφίει,
596 1582 669 1624 καὶ
698 1580 816 1623 οὕτω
845 1579 899 1623 τὰ
927 1579 1142 1650 μέλλοντα
1171 1576 1475 1650 απεφοίβαζεν.
1503 1579 1566 1630 εἷς

173 1656 258 1696 γαρ
286 1639 458 1694 κάρυον
477 1637 506 1694 ἥ
532 1654 576 1681 τι
597 1640 775 1681 τοιοῦτο
804 1636 1068 1705 τετρημένον
1097 1634 1140 1688 ἐξ
1164 1635 1374 1690 ἐκατέρου
1401 1634 1566 1706 μέρους
1597 1638 1650 1682 15

174 1697 357 1740 ἐνετίθει
396 1699 486 1750 πῦρ
527 1694 603 1738 καὶ
639 1692 724 1763 τήν
761 1693 960 1765 συνέχειν
1001 1687 1109 1736 αντὸ
1151 1691 1401 1761 δυναμένην
1430 1691 1567 1748 ύλην·

175 1750 268 1797 εἶτα
299 1751 487 1804 ἐντιθεὶς
513 1754 575 1808 τῶ
603 1749 784 1820 στόματι
819 1751 894 1793 καὶ
918 1745 1177 1820 προςπνέων
1204 1748 1309 1792 ποτὲ
1338 1748 1419 1818 μὲν
1447 1759 1568 1792 σπιν-

173 1814 318 1865 θῆρας
357 1808 460 1852 ποτὲ
500 1798 556 1851 δὲ
577 1805 722 1863 φλόγα
754 1802 939 1859 ἐξέκαεν.
970 1807 1102 1856 οὐτος
1131 1804 1216 1859 πρὸ
1254 1808 1337 1875 τῆς
1370 1801 1567 1863 αποστά-

174 1879 282 1916 σεως
312 1865 427 1920 ἔλεγε
457 1880 538 1919 την
560 1866 736 1936 Συρίαν
763 1864 872 1908 θεὸν
901 1861 1249 1934 ἐπιφαινομένην
1279 1860 1398 1931 αὐτῷ
1425 1861 1567 1916 λέγειν

173 1921 241 1967 ὅτι
269 1919 537 1991 βασιλεύσει·
580 1921 652 1964 καὶ
682 1924 815 1965 τοῦτο
859 1919 914 1963 ού
943 1919 1055 1973 πρὸς
1095 1918 1255 1971 ἄλλους
1282 1916 1427 1974 μόνον
1457 1918 1565 1962 ἄλλα
1594 1924 1652 1967 20

173 1979 246 2023 καὶ
276 1978 390 2032 πρὸς
420 1975 558 2021 αὐτὸν
583 1977 662 2021 τὸν
689 1976 850 2030 κύριον
880 1974 1023 2020 αὑτοῦ
1052 1976 1226 2019 διετέλει
1240 1977 1408 2045 λέγων.
1432 1977 1493 2027 εἷς
1518 1976 1566 2020 δὲ

172 2035 342 2093 γέλωτα
387 2033 658 2104 τρεπομένου
695 2038 778 2077 τοῦ
817 2032 1094 2090 πράγματος,
1142 2030 1166 2076 6
1205 2049 1286 2102 μεν
1321 2031 1566 2102 Ἀντιγένης

173 2089 574 2162 ψυχαγωγούμενος
602 2091 671 2134 ἐπι
688 2095 742 2148 τῇ
771 2094 968 2160 τερατείᾳ
997 2093 1167 2146 παρῆγε
1196 2088 1275 2133 τὸν
1298 2089 1482 2134 Εὔνουν
1505 2093 1564 2142 εἰς

173 2167 228 2193 τα
267 2148 529 2198 σύνδειπνα,
566 2151 700 2191 τοῦτο
729 2162 814 2203 γαρ
854 2145 997 2203 ὄνομα
1024 2151 1085 2202 τῶ
1115 2148 1313 2214 τερατίᾳ,
1353 2147 1428 2189 καὶ
1466 2148 1564 2202 διη-
1593 2151 1649 2195 25

175 2202 295 2276 ριότα
324 2206 424 2260 περὶ
461 2208 538 2260 τῆς
565 2206 795 2276 βασιλείας
823 2203 897 2248 καὶ
927 2207 1021 2254 πῶς
1050 2203 1213 2260 ἑκάστω
1242 2201 1448 2274 χρήσεται
1477 2208 1567 2246 τῶν

175 2259 432 2331 παρόντων·
475 2265 558 2305 τοῦ
604 2257 651 2306 δε
694 2259 916 2314 ἀτρέπτως
955 2259 1096 2304 πάντα
1121 2248 1454 2332 διηγουμένου,
1492 2261 1570 2303 καὶ

176 2336 235 2369 ως
262 2320 448 2375 μετρίως
476 2317 679 2374 χρήσεται
707 2324 800 2369 τοῖς
829 2319 1023 2370 κυρίοις,
1061 2315 1137 2360 καὶ
1165 2316 1215 2360 τὸ
1248 2317 1440 2360 σύνολον
1467 2332 1567 2360 ποι-

139 2403 142 2406 ·
175 2378 308 2428 κίλως
335 2375 704 2433 τερατευομένου,
733 2375 914 2431 γέλωτες
942 2374 1143 2432 ἐγίνοντο
1172 2378 1266 2426 τοῖς
1294 2377 1567 2431 παρακεκλη-

172 2522 232 2558 90.
257 2535 334 2557 των
356 2522 499 2569 λῃστῶν
521 2521 552 2557 A
574 2523 704 2564 Amat„
737 2519 866 2557 caeteri
886 2523 1031 2580 λῃστῶν
1191 2520 1248 2556 93.
1282 2523 1498 2576 στρατηγοῖς
1520 2520 1567 2561 Β,

175 2570 304 2604 caeteri
329 2561 527 2614 στρατηγοὶ
665 2569 722 2603 96.
748 2568 968 2614 παραλόγως
991 2570 1041 2610 Α,
1064 2567 1193 2602 caeteri
1217 2565 1319 2610 παρὰ
1344 2566 1453 2611 λόγον

175 2617 209 2652 1.
242 2610 352 2656 οὗτος
377 2617 427 2657 Β,
461 2611 590 2650 caeteri
623 2612 739 2655 αὐτός
898 2616 931 2650 3.
965 2615 1078 2660 μέρος
1106 2615 1156 2655 A,
1189 2613 1318 2648 caeteri
1347 2613 1454 2657 γένος

173 2661 210 2699 5
235 2661 498 2717 ἐγρηγορότως]
523 2659 765 2717 ἐγρηγορότας
780 2661 890 2698 Amst.
1029 2662 1083 2695 11.
1112 2657 1243 2704 αύτόν]
1264 2658 1390 2695 αὐτῶν
1410 2662 1438 2695 A
1456 2659 1569 2693 Amst.

267 2710 324 2743 12.
348 2706 455 2759 μετά]
481 2709 547 2743 δια
569 2709 680 2743 Amst.
820 2707 876 2742 14.
901 2705 1057 2752 κάρυον]
1081 2706 1249 2750 κάρανον
1274 2707 1306 2740 Β
1443 2718 1570 2748 τετρη-

175 2749 302 2800 μένον]
325 2753 562 2810 τετρωμένον
580 2755 691 2790 Amet.
840 2753 896 2788 18.
930 2753 1018 2798 πρὸ]
1043 2752 1137 2796 πρὸς
1159 2754 1269 2787 Amst.
1417 2752 1474 2788 22.
1500 2749 1568 2796 μὲν

176 2800 229 2841 A,
265 2802 392 2836 caeteri
422 2800 465 2845 μὲ
469 2814 489 2834 ν
515 2813 586 2836 ουν
729 2798 787 2838 25.
812 2802 977 2848 τερατίᾳ]
1011 2798 1218 2846 τερατεύειν
1250 2800 1360 2834 Amst.
1509 2797 1567 2832 27.

176 2845 299 2884 πάντα
321 2849 372 2893 A,
399 2847 527 2886 caeteri
551 2842 701 2884 απαντα

1229 2888 1292 2934 4*
