1968 3346
140 183 441 230 EXCERI'TA
469 181 541 224 DE
571 146 722 223 V1R³12
750 179 825 222 ΕΤ
854 177 965 221 VIT.
994 178 1042 219 L.
1065 176 1217 220 XXV1.
1225 176 1407 219 —XXX.
1437 179 1521 221 107

240 294 340 340 “On
378 290 403 337 6
434 292 634 362 Σκιπίων
671 289 1068 359 παραγενηθέντων
1106 288 1219 342 πρὸς
1258 286 1397 332 αὐτόν
1431 291 1520 331 τῶν
1552 293 1605 336 15

139 353 240 406 περὶ
269 350 462 407 Σύφακα
489 349 539 393 τὸ
570 348 650 404 μὲν
669 363 848 416 πρωτον
877 346 986 389 ἰδών
1014 345 1095 388 τόν
1124 345 1265 399 ἄνδρα
1295 346 1524 400 δεδεμένον

139 408 373 462 ἐδάκρυσε,
424 404 697 475 λογιζόμενος
735 402 816 458 τὴν
855 402 991 446 πάλαι
1029 403 1134 445 ποτὲ
1174 402 1523 471 μακαριζομένην

140 464 279 510 αὐτοῦ
308 465 546 532 βασιλείαν.
583 459 677 516 μετ’
710 459 874 530 ὀλίγον
891 459 937 502 63
975 458 1138 528 χρόνον
1169 460 1322 511 κρίνας
1352 456 1522 513 ανθρώ-

138 539 247 567 πινα
288 524 471 592 φρονεῖν
509 517 556 561 έν
583 521 677 568 τοῖς
716 515 1010 587 εὐτυχήμασιν
1051 514 1251 565 ἐπέταξεν
1285 512 1423 557 αὐτὸν
1451 518 1523 557 λῦ-
1551 520 1607 562 20

140 590 236 631 σαι,
266 578 341 621 καὶ
367 575 447 632 τὴν
475 575 594 619 ἰδίαν
623 572 788 630 σκηνήν
820 572 1014 616 ἀπέδωκε
1041 571 1116 613 καὶ
1143 572 1222 625 τὴν
1252 569 1386 626 α’λλην
1415 571 1524 613 ἄκο-

140 636 333 679 λουθίαν
362 633 473 688 ἔχειν
503 631 797 700 συνεχώρησε·
842 632 991 684 τηρῶν
1021 627 1068 670 δὲ
1105 626 1242 671 αὐτόν
1270 627 1318 669 ἐν
1343 611 1524 670 ἐλευθέ-

141 708 200 749 ρα
228 693 408 747 φυλακή
436 686 764 757 φιλανθρώπως
793 684 966 743 ωμίλει,
994 684 1069 730 καὶ
1097 683 1306 736 πολλάκις
1336 683 1404 728 ἐπὶ
1435 686 1524 728 δεῖ-

138 764 229 792 πνα
256 744 624 802 παρελαμβάνετο.

239 824 340 870 ’Ότι
372 822 592 894 Σοφόνβα
620 821 648 879 ἦ
678 820 896 891 πρότερον
922 837 1002 891 μεν
1031 819 1363 877 Μασσανάσσῃ,
1416 836 1524 875 μετα
1555 821 1610 866 25

139 883 187 927 63
215 886 356 926 ταῦτα
386 879 685 936 συνοικήσασα
713 877 917 934 Σύφακι,
956 877 1005 922 τὸ
1037 878 1084 922 δὲ
1112 883 1362 921 τελευταῖον
1390 876 1527 920 παλιν

137 942 199 991 εἰς
229 940 472 1010 συμβίωσιν
505 938 700 980 ἐλθοῦσα
738 937 810 979 δια
827 935 932 1005 τήν
969 937 1266 1004 αἰχμαλωσίαν
1295 938 1365 1004 τῷ
1395 938 1526 977 Μασ-

138 995 352 1067 σανάσσῃ,
382 994 463 1048 τήν
493 1009 538 1037 τε
568 991 676 1044 ὄψιν
704 986 761 1048 ἦν
791 989 1007 1048 εὐπρεπὴς
1036 992 1111 1035 καὶ
1140 997 1232 1041 τοῖς
1251 980 1405 1046 νόμοις
1433 1006 1528 1034 ποι-

136 1055 235 1109 κίλη
264 1053 339 1096 καὶ
367 1066 456 1095 παν
486 1047 863 1119 έξομηρεύσασθαι
900 1049 1133 1104 δυναμένη.
1180 1050 1294 1092 οὐσα
1325 1048 1372 1091 63
1401 1051 1526 1102 Καρ-
1556 1053 1611 1093 30

135 1110 355 1180 χηδονίων
393 1107 610 1177 συμμαχὶς
653 1105 902 1173 προςέκειτο
943 1109 1192 1176 λιπαροῦσαι
1232 1105 1306 1148 καὶ
1346 1104 1529 1175 δεομένη

136 1163 245 1211 καθ’
275 1163 444 1221 ἡμέραν
483 1161 676 1217 τάνδρὸς
715 1162 835 1213 ὅπως
872 1159 1047 1232 ἀποστη
1073 1160 1259 1232 Ῥώμης
1291 1157 1356 1230 ἦν
1387 1160 1471 1216 γὰρ
1501 1161 1529 1230 ἡ

135 1238 247 1278 γυνη
279 1224 434 1271 δεινῶς
463 1219 739 1292 φιλόπατρις.
772 1237 799 1262 α
829 1217 882 1274 δὴ
911 1217 1143 1289 γινώσκων
1173 1218 1196 1262 6
1228 1216 1403 1272 Σύφαξ,
1435 1217 1531 1274 ἐδή-

135 1283 248 1325 λωσε
275 1281 338 1335 τῷ
359 1279 578 1322 Σκιπίωνι
606 1277 705 1330 περὶ
732 1279 810 1330 τῆς
833 1275 1046 1330 γυναικός
1073 1293 1147 1319 και
1182 1272 1528 1328 παρεκελεύσατο

135 1322 387 1406 φυλάττειν.
427 1333 601 1384 τούτοις
638 1333 685 1377 δὲ
718 1332 942 1402 σύμφωνα
973 1333 1048 1376 καὶ
1084 1333 1272 1377 Λαιλίου
1309 1331 1526 1386 λέγοντος,
1555 1336 1610 1379 35

137 1391 163 1436 6
192 1393 395 1436 Σκιπίων
433 1389 656 1435 ἐκέλευσεν
696 1389 817 1446 ἄγειν
855 1388 968 1444 πρὸς
1009 1389 1167 1433 ἑαυτόν
1206 1388 1286 1443 τὴν
1321 1393 1526 1443 γυναῖκα.

135 1447 495 1518 παραιτουμένου
526 1447 573 1490 δε
611 1462 692 1490 του
725 1446 1089 1499 Μασσανάσσου,
1132 1444 1396 1499 πικρότερον
1435 1445 1528 1488 έπέ-

136 1506 312 1562 πληξεν.
359 1504 384 1548 ὁ
424 1505 471 1548 δὲ
519 1503 782 1558 ευλαβηθεὶς
828 1501 1053 1546 ἐκέλευσεν
1099 1500 1377 1546 ἀποστέλλειν
1424 1501 1530 1553 τοὺς

136 1560 555 1630 παραληψομένους·
608 1559 739 1609 αὐτὸς
780 1558 827 1602 δὲ
865 1557 1099 1613 παρελθών
1143 1561 1204 1609 εἰς
1241 1557 1323 1614 τὴν
1363 1557 1529 1616 σκηνην
1557 1564 1613 1605 40

136 1617 377 1676 φάρμακον
405 1616 656 1673 θανασιμον
684 1631 737 1672 τη
766 1615 944 1670 γυναικὶ
972 1620 1091 1658 πιεῖν
1123 1614 1358 1672 η’ναγκασε.

238 1685 340 1730 ι’Ότι
368 1685 573 1730 Σκιπίων
603 1681 676 1728 δια
705 1681 786 1726 τὸν
821 1681 934 1737 πρὸς
969 1682 1076 1734 τούς
1116 1682 1376 1734 ἐπταικότας
1407 1684 1532 1729 ἔλεον

138 1743 343 1813 βεβαίαν
351 1742 445 1798 ἔσχε
480 1740 562 1797 τὴν
591 1738 930 1786 Μασσανασσου
968 1740 1219 1798 συμμαχίαν
1257 1741 1319 1793 εἰς
1356 1738 1532 1786 α’παντα

136 1799 217 1845 τὸν
242 1815 348 1857 μετα
375 1799 514 1843 ταῦτα
541 1795 718 1855 χρόνον.

237 1876 340 1922 ’Ὄτι
362 1876 563 1949 Ἀννίβας
591 1873 970 1948 σνγκαλεσᾴμενος
996 1875 1102 1928 τούς
1139 1875 1399 1947 συμμάχους
1437 1875 1531 1933 3625-
1558 1876 1615 1920 45

139 1939 278 1979 λωσεν
318 1932 473 1986 αὐτοῖς
512 1949 573 1984 ως
613 1932 858 1987 ἀναγκαῖόν
897 1933 1018 1977 ἐστιν
1054 1933 1195 1978 αυτὸν
1233 1937 1440 1990 διαβῆναι
1469 1937 1529 1985 εἰς

70 1990 341 2063 572Λιβύην,
376 1991 450 2037 καὶ
490 1990 654 2034 ἔδωκεν
695 1990 899 2042 ἐξουσίαν
937 1989 1084 2034 αὐτων
1119 1995 1213 2042 τοῖς
1240 1993 1532 2062 βουλομένοις

139 2048 261 2106 αὐτῷ
291 2046 612 2104 συστρατεύειν.
649 2046 760 2090 ἔνιοι
789 2064 868 2103 μεν
897 2048 1068 2091 είλαντο
1097 2047 1178 2104 τὴν
1206 2046 1297 2103 μετ’
1325 2046 1530 2104 Ἀννίβου

139 2094 388 2175 διάβασιν,
406 2109 498 2155 τοῖς
528 2104 574 2147 63
601 2101 838 2159 ἡδομένοις
864 2108 941 2159 τῆς
970 2104 1021 2147 ἐν
1051 2102 1212 2161 Ἰταλία
1239 2109 1378 2161 μονῆς
1404 2120 1529 2158 περι-
1558 2102 1615 2149 50

139 2161 301 2235 στήσας
333 2178 421 2234 την
457 2159 648 2216 δύναμιν
686 2159 737 2204 τὸ
778 2176 858 2216 μεν
896 2165 1074 2215 πρῶτον
1110 2166 1203 2211 τοῖς
1249 2160 1533 2214 στρατιωταις

139 2218 300 2264 ἔδωκεν
328 2217 553 2271 ἐξουσίαν,
585 2218 626 2262 εί
651 2233 750 2260 τινα
779 2217 1014 2274 βούλοιντο
1043 2218 1284 2289 λαμβάνειν
1312 2219 1354 2270 ἐξ
1384 2216 1534 2261 αὐτων

141 2277 328 2319 δοῦλον·
361 2274 467 2325 τοὺς
503 2273 550 2317 δε
578 2272 763 2325 λοιπούς
792 2275 1085 2347 κατέσφαξεν,
1129 2275 1294 2330 ἄνδρας
1321 2274 1402 2345 μὲν
1431 2275 1532 2328 περὶ

141 2331 412 2402 διςμυρίους,
442 2332 603 2382 ίππους
633 2330 681 2374 δὲ
709 2331 808 2386 περὶ
836 2332 1120 2389 τριςχιλίους,
1149 2332 1225 2377 καὶ
1253 2335 1342 2377 τῶν
1369 2330 1533 2387 ὑποζυ-

140 2389 252 2444 γίων
279 2385 585 2445 αναρίθμητον
610 2390 797 2445 πλῆθος.
876 2408 878 2412 ’

140 2523 200 2561 22.
232 2522 273 2560 ἐν
302 2523 398 2560 deest
427 2524 541 2559 conici
573 2524 725 2567 Valesii,
759 2524 856 2560 adest
887 2524 1057 2561 Salmasii
1216 2522 1406 2573 ἐλευθέρα]
1435 2523 1534 2560 ἐλευ-

139 2571 254 2625 θερίᾳ
284 2571 314 2604 V
474 2572 532 2605 23.
565 2571 884 2627 παρελαμβὰνετο]
916 2572 1057 2627 passivo
1087 2570 1202 2616 aptius
1232 2573 1387 2606 activum
1420 2584 1533 2614 παρε-

142 2614 308 2662 λάμβανε
442 2617 498 2651 27
524 2619 727 2664 συμβίωσιν
752 2618 929 2659 Valesius,
955 2616 1140 2676 σύμβασιν
1160 2619 1212 2652 V.
1235 2619 1326 2652 conf.
1351 2619 1533 2652 Schael'er.

143 2663 190 2698 ad
213 2665 366 2708 Gregor.
389 2675 422 2708 p.
444 2663 526 2698 921
665 2664 723 2700 41.
747 2666 872 2710 πιεῖν]
896 2664 1027 2705 διδούς
1049 2665 1187 2709 (immo
1211 2662 1328 2708 δούς)
1351 2664 1536 2708 praeponit

142 2690 405 2837 ΐζὲἴεξυθὸῧ.
441 2755 602 2800 ἵππους]
647 2755 767 2796 ιππεῖς
798 2756 845 2789 V:
897 2757 988 2793 conf.
1027 2756 1208 2801 Appianus
1242 2757 1345 2791 Bello
1379 2756 1533 2791 Hannib.
