1968 3346
409 202 494 244 138
563 199 864 243 EXCERPTA
892 199 963 241 DE
994 199 1146 242 VIRT.
1175 197 1252 240 ΕΤ
1282 197 1695 246 VIT.L.XXXI11.

413 310 765 367 πολεμικώτατος
794 313 874 368 μὲν
904 312 952 356 ἐν
980 315 1073 363 τοῖς
1111 309 1354 364 κινδύνοις,
1404 314 1806 384 στρατηγικῶτατος

329 374 383 417 15
415 369 462 412 δὲ
493 369 539 412 ἐν
569 373 629 426 τῶ
639 369 924 439 προϊδέσθαι
953 369 1003 412 τὸ
1037 368 1358 424 συμφέρον,τό
1391 370 1437 412 δὲ
1466 370 1683 441 μέγιστον,
1722 375 1805 416 διε-

412 424 554 469 τέλεσε
590 425 734 469 πάντα
773 425 852 470 τόν
894 430 969 481 τῆς
1010 426 1270 494 στρατηγίας
1312 426 1475 481 χρόνον
1514 426 1804 497 ἀγαπώμενος

409 480 499 525 υπὸ
539 485 628 526 τῶν
666 487 944 537 στρατιωτῶν
986 480 1044 532 ῶς
1085 480 1230 533 οὐδεὶς
1260 482 1418 552 ε’τερος.
1469 484 1579 527 κατὰ
1583 485 1703 555 ’,μὲν
1719 487 1804 540 γὰρ

409 537 485 589 τὰς
523 539 570 582 ἐκ
609 544 685 595 τῆς
725 542 926 597 ληστείας
967 538 1180 592 διανομὰς
1221 536 1354 582 οὐδὲν
1392 539 1527 583 πλέον
1569 540 1806 596 ἀπεφέρετο

409 599 487 650 τῆς
515 601 608 647 τοῖς
634 596 830 647 ἰδιώταις
857 595 1174 664 ἐπιβαλλούσης
1202 597 1380 650 μοίρας,
1419 596 1505 640 ἀπὸ
1537 597 1583 641 δὲ
1612 603 1699 641 τῶν
1730 597 1808 642 αὐ·-

325 660 383 701 20
411 657 473 723 τῷ
490 653 817 722 πορισθέντων
854 653 976 708 ἐτίμα
1015 650 1122 702 τούς
1171 649 1322 704 ἀξίους
1368 652 1544 709 χάριτος
1590 655 1666 697 καὶ
1701 655 1807 704 τοὺς

412 698 609 779 ἀπόρους
649 715 738 754 τῶν
778 712 1058 764 στρατιωτῶν
1094 706 1427 780 ὑπελάμβανεν
1459 710 1623 767 ὑπῆρχε
1655 712 1702 755 δὲ
1732 712 1810 755 καὶ

406 764 575 823 νήπτης
605 768 679 810 καὶ
710 765 1036 838 ἀγρυπνητικός
1064 766 1139 809 καὶ
1168 766 1332 817 παντὸς
1368 765 1511 810 πόνου
1548 769 1622 811 καὶ
1659 768 1808 812 κινδύ-

407 839 493 866 νου
506 823 918 893 κατεξανεστηκώς,
957 823 1017 866 ἔτι
1048 822 1094 866 δὲ
1124 821 1265 893 πάσης
1293 823 1453 879 ἡδονῆς
1492 827 1712 879 κρείττων.
1762 826 1810 868 αἱ

409 879 460 923 δὲ
491 877 734 953 ἀποδείξεις
762 885 840 937 τῆς
870 880 968 935 περὶ
1000 877 1136 922 αὐτὸν
1167 878 1321 950 ἀρετῆς
1349 880 1558 936 ἐμφανεῖς
1587 884 1710 925 εἰσιν.
1743 881 1809 924 «ξ’-ν

326 944 382 988 25
412 938 516 980 δεκα
544 954 628 993 γαρ
658 939 728 994 ἔτη
762 936 1108 987 δυναστεύοντος
1138 935 1277 980 αὐτοῦ
1297 941 1561 981 Λυσιτανῶν
1584 955 1639 981 ου
1668 937 1809 993 μόνον

413 1010 459 1036 αι
489 995 697 1050 δυνάμεις
728 993 1009 1038 ἀστασίαστοι
1035 994 1268 1063 διέμειναν,
1301 993 1408 1038 ἀλλὰ
1438 999 1511 1038 καὶ
1542 995 1697 1051 σχεδὸν
1717 994 1809 1038 ἀνί-

411 1066 550 1106 κητοι.
579 1052 685 1106 μετὰ
717 1051 763 1095 δὲ
791 1051 872 1108 τὴν
901 1050 1065 1095 τούτου
1094 1049 1297 1120 τελευτήν
1327 1051 1375 1095 τὸ
1406 1051 1605 1108 σύστημα
1624 1055 1810 1096 τῶνΛυ-

413 1111 605 1152 σιτανῶν
636 1108 816 1165 διελύθη
846 1108 1058 1178 στερηθὲν
1085 1125 1162 1164 της
1189 1106 1352 1151 τούτου
1382 1110 1663 1164 προστασίας.

328 1175 385 1215 30
439 1208 460 1216 ,
516 1163 616 1208 Ὀτι
648 1169 921 1236 Πτολεμαῖος
962 1164 1035 1208 διὰ
1075 1165 1154 1220 τὴν
1197 1163 1399 1235 ὠμότητα
1433 1166 1506 1209 καὶ
1543 1166 1809 1236 μιαιφονίαν

414 1222 491 1266 καὶ
521 1221 593 1266 διὰ
622 1239 701 1274 τας
732 1220 893 1278 ἀνέδην
921 1226 1013 1266 τῶν
1054 1223 1285 1292 αἰσχίστων
1324 1221 1504 1293 ἡδονῶν
1543 1220 1810 1273 ἀπολαύσεις

414 1280 490 1323 καὶ
519 1278 568 1322 τό
599 1284 680 1322 τοῦ
712 1279 914 1335 σώματος
933 1277 1128 1350 ἀγεννὲς
1168 1278 1332 1331 πάθος,
1383 1278 1453 1323 διό
1487 1278 1682 1352 Φύσκων
1707 1279 1811 1323 ἐκα-

414 1340 542 1378 λεῖτο.
586 1335 609 1379 6
642 1337 688 1379 δὲ
724 1335 972 1405 στρατηγὸς
1004 1335 1138 1389 Ἱέραξ
1176 1335 1224 1379 ἐν
1261 1340 1355 1387 τοῖς
1384 1341 1639 1406 πολεμικοῖς
1669 1336 1812 1391 ἔργοις

416 1393 676 1448 θαυμαστὸς
706 1390 770 1436 ῶν
797 1393 872 1436 καὶ
901 1392 1013 1436 κατὰ
1042 1393 1117 1443 τὰς
1148 1391 1360 1444 ἐντεύξεις
1389 1398 1481 1444 τοῖς
1512 1392 1657 1448 ὄχλοις
1687 1392 1807 1437 εὕθε-
1810 1401 1878 1437 598

329 1454 386 1497 35
415 1465 511 1500 τος,
553 1449 614 1493 ἔτι
646 1450 693 1493 δὲ
724 1448 1053 1520 μεγαλόψυχος,
1095 1448 1272 1504 συνέσχε
1301 1449 1382 1506 τήν
1414 1454 1499 1493 τοῦ
1530 1452 1810 1503 Πτολεμαίου

415 1508 653 1562 βασιλείαν.
684 1506 849 1550 τούτου
878 1507 962 1562 γὰρ
995 1505 1305 1560 ἀπορουμένου
1334 1507 1588 1576 χρημάτων,
1620 1508 1693 1551 καὶ
1722 1511 1812 1550 τῶν

414 1567 693 1618 στρατιωτῶν
723 1563 1011 1632 βουλομένων
1033 1562 1308 1617 ἀφίστασθαι
1328 1563 1439 1618 πρὸς
1461 1567 1504 1606 Γ
1501 1565 1720 1636 αλαιστην
1739 1563 1813 1606 διὰ

413 1621 464 1664 τὸ
496 1620 555 1676 μὴ
579 1622 850 1691 κομίζεσθαι
889 1637 997 1671 τους
1034 1618 1254 1687 μισθούς,
1300 1619 1349 1663 ἐκ
1386 1624 1464 1689 τῆς
1502 1622 1616 1672 ἰδίας
1656 1619 1813 1672 οὐσίας

414 1675 672 1729 ὀψωνιάσας
720 1678 800 1735 τὴν
843 1676 1034 1733 δύναμιν
1075 1676 1365 1732 διωρθώσατο
1414 1675 1497 1734 τήν
1536 1676 1645 1734 ὅλην
1681 1694 1813 1735 μετα-

412 1734 564 1806 βολήν.

330 1795 386 1839 40
518 1790 618 1835 ’Ότι
656 1794 738 1835 τοῦ
778 1791 1058 1846 Πτολεμαίου
1090 1793 1312 1840 παντελῶς
1352 1807 1395 1833 οι
1424 1788 1660 1860 Αἰγύπτιοι
1687 1806 1808 1834 κατε-

415 1847 674 1905 φρόνησαν,
714 1846 901 1903 ὁρῶντες
931 1848 978 1891 ἓν
1008 1864 1052 1891 τε
1082 1852 1178 1897 ταῖς
1215 1847 1405 1902 ὁμιλίαις
1434 1845 1543 1891 ὄντα
1571 1847 1813 1919 παιδαριῶ-

414 1908 470 1976 δη
501 1907 574 1950 καὶ
603 1904 715 1960 πρὸς
743 1904 822 1956 τοὶς
852 1907 1073 1959 αἰσχίστας
1111 1902 1278 1960 ἡδονάς
1317 1904 1608 1959 ἐκκεχυμένον
1634 1905 1708 1948 καὶ
1739 1903 1812 1948 διὰ

414 1965 498 2020 τήν
526 1961 767 2005 ἀκολασίαν
796 1961 846 2005 τὸ
877 1966 1004 2031 σῶμα
1033 1964 1317 2030 γυναικῶδες
1333 1960 1742 2032 περιπεποιημένου-

332 2021 388 2066 45
520 2019 619 2063 ’Ότι
650 2017 673 2063 6
698 2021 899 2088 Αἰμίλιος
920 2017 943 2061 ὁ
967 2018 1135 2069 ὕπατος
1166 2017 1239 2061 διὰ
1266 2035 1348 2073 την
1376 2017 1601 2090 βαρύτητα
1621 2021 1694 2064 καὶ
1717 2023 1814 2073 δυς-

415 2079 619 2132 κινησίαν
657 2081 739 2119 τοῦ
781 2075 984 2132 σώματος
1021 2093 1074 2132 τη
1106 2075 1181 2118 διὰ
1216 2075 1297 2119 τόν
1339 2075 1473 2145 ὄγκον
1514 2091 1709 2140 υπεροχη
1738 2078 1814 2122 καὶ

415 2138 477 2192 τῷ
507 2133 668 2189 πλήθει
704 2137 794 2176 τῶν
830 2133 1182 2188 περικεχυμένων
1220 2137 1398 2190 σαρκῶν
1437 2132 1651 2191 ἄχρηστος
1679 2141 1736 2194 ἠν
1763 2134 1814 2180 ἐν

415 2195 511 2245 ταῖς
539 2190 650 2234 κατὰ
675 2189 871 2247 πόλεμον
900 2190 1148 2246 ἐνεργείαις.

416 2303 473 2339 3⁰.
500 2301 661 2348 ἀνέδην]
689 2300 849 2358 ἀναίδην
873 2305 918 2338 V:
953 2305 1071 2338 deesse
1094 2307 1212 2339 autem
1235 2303 1295 2338 hic
1318 2302 1480 2354 ἐμισήθη
1505 2308 1567 2343 aut
1589 2306 1696 2355 quid
1690 2306 1814 2347 simile

419 2351 554 2387 monuit
577 2350 743 2387 Reiskius
878 2351 938 2386 31.
963 2349 1116 2397 πάθος]
1142 2349 1288 2397 πάχοςζ)
