1968 3346
337 258 419 298 166
474 253 773 297 EXCERPTA
801 249 1179 299 LEGATIONVM
1205 257 1255 300 L.
1277 256 1472 300 XXVIII.
1483 258 1681 302 —XXX.

253 371 309 411 70
338 367 413 409 καί
451 381 573 415 τινας
619 365 814 439 ἐτέρους,
857 367 934 412 καὶ
973 366 1173 426 ὁμήρους
1210 369 1377 412 ε’ίκοσιν
1420 369 1498 421 οὓς
1539 368 1729 441 ἀπογρά-

336 429 454 495 ψωσι
479 420 697 477 Ῥωμαῖοι.
741 424 764 468 6
797 425 844 469 δὲ
879 424 1023 469 πάντα
1059 425 1403 481 προςδεξάμενος
1443 426 1515 471 δια
1547 429 1626 483 τὴν
1655 433 1731 485 τῆς

338 479 511 535 εἰρήνης
541 479 777 537 ἐπιθυμίαν
805 481 1003 564 ἀπελύθη
1032 487 1113 526 τοῦ
1144 482 1356 539 πολέμου.

437 547 536 591 “”Ότι
552 548 671 618 μετά
700 549 782 622 τὴν
808 549 920 594 κατά
949 549 1028 594 τόν
1051 549 1274 607 Ἀντίοχον
1305 553 1442 608 ήτταν
1465 549 1550 594 ἆπό
1575 556 1730 595 πασῶν

336 607 427 647 τῶν
455 604 566 648 κατὰ
597 607 676 663 τὴν
700 605 848 651 Ἀσίαν
877 608 1049 652 πόλεων
1077 608 1150 652 καὶ
1180 610 1408 651 δυναστῶν
1436 609 1730 663 καταντησάν-

336 677 425 704 των
453 661 688 732 πρέσβεων,
718 669 808 708 τῶν
835 665 915 736 μὲν
943 666 1042 722 περὶ
1070 669 1156 735 τῆς
1177 665 1437 719 ἐλευθερίας,
1468 670 1558 708 τῶν
1587 666 1632 709 δὲ
1658 666 1732 709 καὶ

255 526 310 564 10

252 580 307 622 75

337 718 435 772 περὶ
473 717 814 789 εὐχαριστηρίων
858 721 966 766 ἄνθ’
1007 724 1071 765 ῶν
1109 721 1415 796 εὐεργετήκασι
1448 722 1546 792 τήν
1561 722 1732 784 Ῥώμην

254 782 310 823 80
336 775 740 845 καταγωνισάμενοι
769 778 879 823 κατὰ
905 778 1141 834 Ἀντιόχου.
1174 777 1240 830 οἷς
1269 783 1404 822 πᾶσιν
1431 777 1459 836 ή
1491 778 1734 849 σύγκλητος

338 829 512 886 ἀγαθάς
557 834 732 887 ἐλπίδας
757 834 1100 908 ὑπογράφουσα
1141 835 1273 891 ἔφησε
1317 836 1422 879 δέκα
1462 835 1733 889 πρεσβευτάς

338 887 618 934 ἀποστέλλειν
639 894 699 943 εἰς
715 909 795 948 την
805 892 951 937 Ἀσίαν
963 892 1066 944 τούς
1076 893 1182 949 μετά
1195 899 1283 936 τῶν
1294 898 1548 948 στρατηγῶν
1559 893 1733 936 ἅπαντα

337 944 525 998 ἕξοντας
560 948 892 995 ἐπανελθόντων
922 950 968 994 δὲ
991 952 1051 1001 εἰς
1070 950 1148 1001 τὰς
1165 952 1388 1005 πατρίδας,
1418 951 1492 993 καὶ
1516 955 1606 993 τῶν
1627 953 1733 993 δέκα

253 1005 307 1049 85
338 1003 565 1058 πρέσβεων
604 1006 710 1059 μετα
747 1012 837 1050 τῶν
875 1008 974 1062 περὶ
1012 1009 1247 1051 Σκιπίωνα
1287 1008 1361 1050 καὶ
1406 1007 1485 1049 τὸν
1529 1009 1732 1062 Αἰμίλιον

338 1062 738 1114 συνεδρευσάντων,
769 1064 948 1119 ἐκριναν
978 1067 1104 1108 οὑτοι
1133 1065 1207 1107 καὶ
1239 1063 1513 1136 διεσάφησαν
1541 1063 1623 1120 τήν
1653 1064 1800 1120 u8v6⁶>2

333 1115 403 1159 ἐπὶ
440 1117 543 1162 τάδε
582 1124 664 1163 τοῦ
704 1121 886 1175 Ταύρου
924 1121 1073 1178 χώραν
1102 1121 1339 1176 Εὐμένους
1380 1126 1493 1164 εἰναι
1521 1122 1596 1164 καὶ
1628 1121 1732 1172 τούς

333 1173 595 1229 ἐλέφαντας
622 1175 806 1229 Ροδίοις
837 1179 884 1222 δὲ
914 1180 1196 1232 προςώρισαν
1226 1179 1404 1232 Καρίαν
1433 1195 1507 1220 και
1536 1180 1730 1221 Λυκίαν·

333 1235 423 1274 τῶν
454 1232 500 1275 δὲ
530 1232 701 1278 πόλεων
732 1236 806 1287 τὰς
836 1236 917 1291 μὲν
948 1235 1067 1291 Εύμ’
1053 1252 1138 1278 νει
1167 1235 1342 1291 φόρους
1372 1237 1613 1305 δεδωκυίας
1641 1234 1731 1278 ὑπο

251 1296 304 1336 90
334 1288 413 1330 τὸν
440 1287 617 1359 Εὐμένη
646 1292 872 1362 τετάχθαι,
917 1292 994 1345 τὰς
1024 1293 1070 1337 δὲ
1092 1291 1296 1350 Ἀντιόχῳ
1328 1291 1477 1349 φόρον
1509 1291 1735 1379 φερούσας

251 1393 297 1431 H
336 1343 635 1391 ἀπολελύσθαι
664 1353 753 1393 τῶν
783 1348 952 1405 φόρων.

435 1413 532 1458 ΓΌτι
563 1419 725 1467 Γναῖος
756 1417 956 1469 Μάλλιος
987 1414 1011 1461 6
1042 1413 1328 1468 ανθύπατος,
1364 1416 1735 1489 παραγενομένων

249 1448 304 1491 95
332 1469 444 1523 πρὸς
474 1469 613 1516 αὐτὸν
640 1478 919 1544 πρεσβευτῶν
959 1490 1079 1528 παρα
1111 1477 1325 1517 Γαλατῶν
1355 1476 1455 1527 περὶ
1488 1472 1736 1524 συλλύσεως

331 1531 413 1570 τοῦ
443 1530 658 1583 πολέμου,
704 1530 880 1581 τούτοις
911 1530 1073 1573 ἔδωκεν
1113 1529 1349 1585 ἀπόκρισιν
1381 1531 1449 1574 ὅτι
1479 1529 1576 1573 τότε
1606 1529 1734 1585 ποιή-

333 1596 452 1627 σεται
481 1602 595 1638 προς
625 1585 787 1639 αυτούς
817 1587 894 1639 τάς
922 1587 1035 1640 ὑπερ
1065 1591 1141 1642 τῆς
1172 1588 1350 1657 εἰρήνης
1371 1587 1600 1657 συνθήκας
1628 1587 1736 1631 ὅταν

227 1650 305 1690 100
336 1643 380 1684 οἱ
408 1644 600 1697 βασιλεῖς
630 1643 777 1688 αὐτῶν
805 1643 1110 1700 καταντήσωσι
1139 1652 1251 1698 προς
1283 1643 1434 1688 αὐτόν.

250 1720 305 1758 12
434 1708 536 1754 ’Ότι
576 1709 600 1755 6
645 1711 777 1763 αὐτὸς
815 1711 1052 1766 παρελθών
1093 1713 1154 1763 εἰς
1184 1713 1444 1755 Λυκαονίαν
1471 1709 1552 1754 τὸν
1580 1726 1736 1765 προςο

278 1775 303 1816 5
335 1767 597 1821 φειλόμενον
627 1774 750 1812 σῖτον
778 1768 1011 1824 ἐκομίσατο
1042 1784 1163 1824 παρα
1190 1768 1419 1824 Ἀντιόχου
1449 1769 1524 1811 καὶ
1553 1768 1631 1812 τὸν
1659 1785 1735 1813 κα-

332 1822 386 1866 τά
415 1823 491 1876 τὰς
521 1826 747 1882 συνθήκας
777 1825 922 1882 φόρον
952 1827 1159 1869 ἐνιαυτοῦ
1186 1828 1301 1882 χίλια
1330 1825 1534 1869 τάλαντα.

253 1880 307 1919 13
438 1903 537 1949 “On
570 1904 681 1949 κατὰ
721 1904 803 1962 τὴν
843 1904 1190 1975 Πελοπόννησον
1228 1908 1305 1962 τῆς
1344 1909 1497 1961 κοινῆς
1538 1905 1735 1948 συνόδου

337 1964 427 2004 τῶν
454 1959 652 2020 Ἀχαιῶν
665 1963 971 2019 συνελθούσης
1002 1961 1287 2032 συνήχθησαν
1321 1964 1365 2005 οί
1393 1966 1483 2004 τῶν
1507 1961 1736 2017 Ῥωμαίων

339 2018 552 2074 πρέσβεις.
597 2021 719 2063 οὑτοι
760 2021 804 2063 δ’
845 2020 1016 2076 ε’φησαν
1053 2019 1133 2075 τὴν
1172 2017 1419 2075 σύγκλητον
1460 2020 1730 2073 δυςαρεστεῖ-

338 2081 446 2119 σθαι
474 2080 528 2133 τῆ
557 2080 647 2119 τῶν
672 2079 826 2132 τειχῶν
855 2081 945 2119 τῶν
975 2077 1022 2120 ἐν
1051 2078 1350 2132 Λακεδαίμονι
1379 2077 1647 2129 καθαιρέσει,
1678 2076 1736 2147 ἢν

255 2138 306 2180 15
338 2132 513 2188 ἐποίησε
541 2133 591 2176 τὸ
621 2134 775 2177 κοινὸν
803 2138 894 2176 τῶν
922 2132 1127 2188 Ἀχαιῶν,
1165 2133 1237 2175 ὅτε
1267 2137 1343 2188 τῆς
1373 2131 1584 2188 Σπάρτης
1614 2133 1736 2186 ἐκρά-

336 2200 439 2244 τησε
468 2190 540 2233 καὶ
568 2190 673 2241 τούς
702 2192 1083 2245 Λακεδαιμονίους
1111 2190 1341 2241 κατέταξεν
1381 2191 1441 2240 εἰς
1471 2189 1562 2261 τὴν
1580 2189 1736 2260 κοινὴν

337 2249 573 2290 πολιτείαν
622 2246 730 2302 μετὰ
761 2248 808 2291 δὲ
836 2246 1025 2297 τούτους
1063 2246 1346 2316 συνήχθησαν
1384 2248 1429 2289 οἱ
1457 2244 1562 2300 παρ’
1594 2245 1735 2302 Εὐμέ-

338 2319 447 2354 νους
475 2302 676 2358 πρέσβεις
704 2306 955 2359 κομίζοντες
985 2303 1156 2357 δωρεὰν
1195 2302 1422 2346 ταλάντων
1463 2305 1649 2353 εἴκοσιν,
1692 2304 1736 2355 ἐξ

256 2367 310 2407 20
341 2362 404 2403 ὠν
433 2359 541 2404 dieto
572 2363 665 2405 δεῖν
694 2360 718 2406 ὁ
746 2360 955 2419 βασιλεὺς
984 2359 1310 2415 ὄψωνιάζεσθαι
1337 2360 1418 2418 τὴν
1443 2364 1533 2403 τῶν
1554 2359 1737 2418 Ἀχαιῶν

340 2495 397 2530 70.
422 2494 580 2541 εἴκοσιν]
606 2495 720 2532 εἰκοσι
744 2497 784 2530 Μ
922 2496 981 2531 78.
1005 2495 1089 2541 περὶ
1112 2497 1178 2539 τῆς
1200 2496 1259 2536 Μ,
1287 2496 1392 2541 παρά
1415 2496 1481 2542 τῆς
1504 2497 1538 2531 V
1676 2495 1735 2531 79.

337 2538 433 2586 Ρώμ
407 2555 482 2587 μην
506 2544 566 2581 Μ,
601 2539 693 2587 Ρωμ
668 2556 720 2589 μῃ
742 2544 775 2577 V
915 2543 1274 2587 καταγωνισάμενοι]
1301 2544 1411 2577 immo
1438 2541 1734 2587 συναγωνισάμε-

341 2600 405 2624 voc
517 2588 574 2623 83.
598 2587 762 2634 ἕξοντας]
789 2586 970 2633 τάξοντας
993 2589 1500 2634 Wetstenius‚31azozgovta;
1524 2589 1690 2623 Reiskius

434 2657 517 2692 622·
542 2658 599 2693 90.
622 2672 689 2699 τας
713 2656 774 2704 δε]
801 2672 847 2694 τα
872 2657 912 2694 δε
935 2659 993 2694 Μ.
1028 2659 1135 2693 fuisse
1158 2657 1218 2692 hnc
1242 2659 1373 2703 aliquid
1398 2660 1442 2693 ab
1466 2658 1547 2692 Vrs·
1536 2669 1594 2692 mo
1618 2660 1734 2691 muta-

343 2706 419 2738 tum
443 2702 621 2740 annbtatio
644 2706 719 2740 eius
741 2707 890 2742 ostendit
1030 2706 1087 2740 95.
1116 2707 1277 2749 Γναῖος]
1291 2672 1357 2741 qsv
1349 2704 1444 2746 α”ιος
1466 2705 1539 2738 MV
1676 2702 1734 2736 97.

345 2748 568 2797 συλλύσεως]
595 2749 832 2811 συλλήσεωςι
820 2753 860 2786 Μ
969 2751 1027 2786 12.
1056 2752 1113 2785 17.
1139 2751 1402 2798 συνήχθησαν]
1427 2762 1539 2785 nonne
1562 2747 1734 2795 εἱςήχθη·

343 2800 438 2831 σαν.)
585 2799 742 2833 1ἆ.τῶν
765 2797 805 2835 ἐν
828 2801 872 2834 Λ.
897 2810 1027 2843 τειχων
1052 2798 1177 2832 Suidas
1323 2799 1381 2833 15
1409 2794 1492 2842 ὅτε]
1519 2792 1578 2834 ὅτι
1601 2796 1641 2831 Μ

343 2841 399 2878 18.
423 2843 581 2890 εἴκοσιν]
607 2842 739 2882 ἑκατὸν
761 2844 825 2912 καὶ
847 2845 986 2882 εἴκοσιν
1010 2844 1181 2891 Polybius
1204 2846 1331 2881 XXIII.
1357 2845 1392 2880 7.
1416 2845 1451 2881 3.
