1968 3346
584 118 593 136 Ι

339 255 344 259 ·
365 221 664 273 ExcERPTA
690 223 1120 266 HOESCHELIANA
1146 219 1196 263 ΙΙ.
1221 221 1376 266 XXIV.
1505 226 1564 266 27

169 354 250 390 νος
289 335 369 388 οὓς
408 335 486 392 μὲν
522 334 792 385 απέκτεινεν,
842 333 920 385 οὓς
960 334 1006 377 δὲ
1044 332 1344 390 ἐφυγάδευσεν
1383 333 1445 385 εἷς
1483 333 1563 378 τόν
1584 339 1646 382 65

160 395 342 449 ”Ερυκα·
373 394 446 437 καὶ
475 391 524 437 τό
555 393 634 446 μὲν
664 391 888 461 φρούριον
915 393 1136 460 τριςχίλιοι
1166 395 1430 462 στρατιῶται
1457 389 1563 446 ἐφύ-

172 452 319 503 λαξαν.
358 450 406 494 ἐν
445 451 492 494 δὲ
520 467 572 506 τη
601 447 750 506 πρώτη
778 450 1005 516 ναυμαχίᾳ
1031 444 1239 502 Ῥωμαῖοι
1268 447 1424 491 ἔπεσον
1451 464 1563 501 τρις-

168 508 324 565 μύριοι
352 507 426 551 καὶ
453 507 810 561 πεντακιςχίλιοι,
845 509 935 548 τῶν
965 504 1013 548 δὲ
1044 488 1301 548 ἑαλωκότων
1333 502 1418 549 οὐκ
1445 505 1564 549 ἔλατ-

173 581 254 609 τον
282 562 464 607 τούτων.
1591 591 1620 618 ς,

288 622 347 672 εἷς
397 620 443 663 δὲ
489 619 566 663 τὸν
607 617 824 688 Λόγγωνα
861 617 1064 673 Κατάνης
1113 615 1351 687 φρούριον
1379 616 1560 674 ὑπῆρχε,
1591 616 1648 690 {20

174 677 451 733 καλούμενον
476 675 679 720 Ἰτάλιον·
706 675 815 731 ὅπερ
843 674 1092 760 πολεμησας
1119 674 1297 731 Βάρκας
1327 673 1351 718 6
1381 677 1565 731 Καρχη-

85 773 87 788 .
179 735 325 784 δόνιος

22 793 25 808 ’
109 796 178 834 509
287 788 341 833 τοὶ
380 786 465 844 γάρ
504 790 592 831 τῶν
619 790 872 844 στρατηγῶν
907 786 1188 844 βουλεύματα
1221 786 1294 830 καὶ
1333 787 1564 856 στρατηγή-

83 865 87 880 =
177 863 292 904 ματα
328 844 612 899 διαδιδόμενα
657 850 749 894 τοῖς
789 847 936 900 φίλοις
971 850 1064 895 τοῖς
1102 846 1346 911 πολεμίοις
1363 843 1564 900 γνώριμα
1595 853 1651 897 75

175 905 339 973 γίνεται
381 901 453 944 δια
481 906 570 944 τῶν
599 899 873 957 αὐτομόλων,
915 903 987 944 καὶ
1027 906 1120 952 τοῖς
1160 899 1440 954 στρατιώταις
1470 905 1566 944 δει-

175 963 276 1004 λίαν
311 958 560 1002 ἐντίκτοντα
598 960 863 1012 προςδοκιαν
892 957 1086 1014 μεγάλου
1115 958 1329 1001 κινδύνου
1359 957 1566 1012 ἐντίθησι.

291 1037 470 1091 Βαρκας
514 1037 560 1080 δὲ
606 1037 765 1087 νυκτὸς
806 1036 1106 1088 καταπλεύσας
1144 1037 1219 1080 καὶ
1256 1052 1346 1106 την
1377 1036 1569 1091 δύναμιν

178 1093 311 1151 οἷποβι
312 1096 478 1164 βασας,
519 1092 652 1145 αὐτὸς
690 1110 864 1147 πρῶτος
903 1093 1177 1159 ἡγησάμενος
1215 1097 1290 1149 τῆς
1320 1092 1570 1149 ιῖναβασεως
1599 1103 1654 1144 80

177 1156 254 1207 τῆς
292 1151 404 1206 πρός
441 1150 609 1205 ''EQvAoc
658 1150 793 1206 οὔσης
840 1154 1029 1194 σταὸίων
1075 1167 1309 1220 τριακοντα
1351 1151 1569 1219 παρέλαβε

177 1212 258 1263 την
297 1208 448 1258 πόλιν,
488 1208 567 1250 καὶ
603 1209 769 1258 πάντας
816 1205 968 1251 ἀνεῖλε.
1011 1207 1218 1265 μετῴκισε
1259 1206 1304 1250 δὲ
1333 1224 1439 1258 τους
1469 1211 1570 1251 λοι-·

177 1281 289 1315 πους
319 1267 378 1316 εἰς
405 1281 458 1306 τα
487 1263 707 1335 Δρέπανα.

293 1322 339 1364 ἐν
376 1321 506 1364 παντὶ
547 1321 630 1376 γὰρ
671 1324 810 1376 καιρῷ
849 1321 923 1364 καὶ
963 1320 1183 1378 πράγματι
1222 1322 1451 1376 συμβαίνει
1489 1320 1568 1378 τὴν

180 1376 383 1429 εὐταξίαν
411 1380 612 1432 γίνεσθαι
641 1379 840 1432 μεγάλων
870 1377 1054 1433 αγαθών
1084 1380 1239 1422 αἰτίαν.
1595 1382 1649 1424 85

290 1434 509 1485 Λυτόιτιος
549 1435 594 1478 ὁὲ
637 1433 660 1477 6
701 1434 867 1485 ὕπατος
903 1436 1034 1478 ναυσὶ
1075 1440 1264 1490 μακραῖς
1301 1435 1624 1487 τριακοσίαιςὸ

178 1491 252 1536 καὶ
284 1494 453 1541 πλοίοις
483 1492 555 1534 καὶ
584 1507 691 1545 πορε
698 1493 779 1541 ίοις
820 1490 1116 1543 ἑπτακοσίοις,
1155 1492 1270 1558 ὁμοῦ
1298 1494 1476 1546 χιλίοις,
1508 1493 1568 1541 εἰς

179 1550 388 1592 Σικελίαν
408 1549 597 1592 ἔπλευσε,
630 1549 701 1591 καὶ
728 1564 786 1597 εις
810 1548 866 1616 τό
893 1547 1130 1601 Έρυκίνων
1161 1546 1372 1602 ἐμπόριον
1393 1553 1568 1600 καθωρ-

179 1609 329 1662 μίσθη.
376 1603 551 1647 ”Αννων
583 1605 628 1647 δὲ
659 1604 731 1647 καὶ
762 1602 894 1654 αὐτὸς
932 1605 980 1647 ἐκ
1010 1586 1293 1660 Καρχηδόνος
1318 1605 1450 1647 ναυσὶ
1482 1607 1570 1648 δια·
1594 1614 1650 1654 90

179 1664 350 1711 κοσίαις
378 1662 648 1732 πεντήκοντα
680 1666 864 1714 μακραῖς
904 1662 978 1703 καὶ.
1009 1667 1102 1711 τοῖς
1133 1666 1371 1716 φορτηγοῖς
1401 1663 1462 1712 εἰς
1491 1661 1571 1716 τὴν

172 1723 318 1788 νῆσον
355 1734 435 1786 την
466 1715 609 1770 Ιέραν
659 1716 808 1773 ἦλθεν.
862 1714 954 1760 εἶτα
995 1717 1040 1760 ὁὲ
1090 1718 1132 1769 ἐξ
1171 1717 1306 1772 αὐτης
1346 1717 1456 1770 πρός
1493 1718 1573 1761 τὸν

172 1773 340 1845 ’Έρυκα
379 1772 632 1829 ἐρχόμενος,
682 1774 755 1816 καὶ
803 1777 892 1842 τῷν
938 1773 1168 1829 Ῥωμαίων
1212 1773 1572 1829 ὑπαντησάντων,

180 1829 279 1899 παρ’
313 1829 574 1899 ἀμφοτέρων
603 1831 794 1885 πόλεμος
824 1829 992 1884 ἐγένετο
1021 1831 1165 1886 μέγας.
1197 1847 1308 1873 κατα
1336 1832 1381 1874 δὲ
1411 1835 1574 1874 τοῦτον

180 1887 259 1930 τόν
287 1888 480 1942 πόλεμον
510 1885 729 1941 απέβαλον
759 1885 1060 1942 Καρχηδόνιοι
1099 1890 1209 1938 ναῦς
1248 1887 1405 1930 ἑκατὸν
1445 1887 1568 1930 ἑπτα-
1599 1901 1654 1944 95

181 1946 384 1996 καίδεκα,
423 1941 702 2010 αὕτανδρους
739 1960 818 1998 μεν
856 1943 1029 1987 τούτων
1070 1945 1230 1996 εικοσι,
1269 1943 1482 2000 Ρωμαῖοι
1523 1946 1570 1988 δὲ

183 1999 480 2056 ὀγδοηκοντα,
510 2017 746 2053 τριακοντα
776 2017 853 2055 ιιεν
884 2003 943 2051 εἰς
971 2001 1105 2051 τέλος
1137 2016 1406 2070 πεντηκοντα
1436 2001 1480 2044 δὲ
1511 2003 1570 2052 εἰς

183 2057 487 2113 ἐπιμερισμόν,
537 2043 838 2113 αἰχμαλώτόυς
886 2058 955 2109 δέ,
1003 2056 1062 2108 ὠς
1114 2060 1293 2107 Φιλῖνος
1339 2055 1569 2112 ανέγραψε,

184 2116 499 2183 Καρχηδονίων
531 2114 855 2168 ἑξακιςχιλίους,
897 2115 956 2164 ὠς
986 2114 1031 2156 δε
1062 2113 1221 2168 ἕτεροι,
1261 2116 1572 2185 τετρακιςχιλί-
1603 2122 1684 2163 100

185 2188 265 2221 ους
288 2170 626 2224 τεσσαρακοντα.
659 2173 704 2213 αἱ
735 2171 780 2214 ὁὲ
810 2170 938 2213 α’λλαι
949 2187 1068 2241 νηες
1093 2171 1341 2228 πνεύματος
1371 2169 1572 2215 ἐπιπνεύ-

184 2239 342 2278 σαντος
372 2226 528 2282 οὐρίου
555 2229 614 2279 εἰς
643 2226 906 2284 Καρχηδόνα
934 2226 1113 2283 ε’φυγον.

298 2309 432 2357 οὐδὲν
459 2328 545 2369 γαρ
576 2310 734 2369 ὄφελος
764 2310 992 2367 ανδρείας,
1021 2312 1129 2356 ὅταν
1155 2315 1241 2357 τοῦ
1270 2308 1470 2370 σκάφους
1498 2315 1573 2370 βυ·

185 2476 245 2513 66.
269 2476 473 2522 τριςχίλιοι]
498 2489 529 2524 γ’
551 2478 588 2512 Η
690 2477 746 2512 68.
774 2477 1070 2522 πεντακιςχίλιοι]
1096 2490 1124 2525 ει
1145 2479 1183 2514 Η

279 2545 360 2580 509.
380 2545 438 2578 74.
458 2546 581 2590 φίλοις
598 2546 715 2581 Rhod.
728 2571 738 2587 ‚
756 2547 918 2590 1φιλοῦσι
934 2547 971 2581 Η
1071 2547 1130 2581 76.
1149 2546 1360 2582 ἐντίκτοντα
1374 2547 1490 2582 Rhod.
1517 2544 1575 2581 ἔν-

188 2593 373 2628 τίκτονται
394 2592 431 2626 Η
523 2592 580 2627 80.
591 2592 803 2649 τριάκοντα]
826 2592 853 2628 λ’
866 2595 903 2627 H
994 2593 1051 2627 86.
1073 2592 1256 2633 Antinoe
1273 2595 1355 2628 Wes
1358 2594 1441 2635 sel„
1462 2590 1575 2639 Λιγά-

187 2652 290 2680 τινος
308 2640 344 2672 Η
480 2640 722 2683 τριακοσίαις]
750 2638 778 2674 τ’
804 2642 840 2674 H
865 2645 898 2674 et
922 2652 1002 2675 mox
1027 2638 1066 2681 ψ’
1207 2639 1264 2674 87.
1289 2641 1434 2682 πορίοις
1456 2640 1493 2672 H

235 2685 292 2720 88.
315 2682 516 2728 Ἐρυκίνων
540 2686 810 2742 wesselingius,
839 2683 1044 2730 Ἐρικύνων
1066 2687 1104 2721 Η
1178 2687 1236 2721 90.
1255 2687 1462 2725 διακοσίαις
1491 2697 1577 2721 πεν-

189 2732 364 2776 τήκοντα]
381 2729 432 2765 σν’
457 2733 493 2765 Η
507 2736 542 2766 et
562 2743 644 2766 mox
662 2729 729 2776 Ιερ
734 2745 779 2767 αν
869 2733 927 2767 95.
948 2732 1081 2770 εκατόν
1101 2732 1364 2774 επτακαίδεκα]
1383 2731 1448 2777 ριζ
1461 2733 1500 2768 Η

190 2779 250 2813 96.
276 2778 404 2822 εἴκοσι]
429 2777 461 2812 κ’
485 2779 522 2812 Η
621 2747 863 2823 ὀγδοήκοντα]
899 2778 937 2815 π’
961 2781 997 2814 Η
1021 2784 1055 2814 et
1078 2791 1160 2815 mox
1182 2777 1211 2815 λ’
1238 2785 1272 2813 et
1294 2777 1325 2813 ν’
1350 2784 1383 2813 et
1409 2790 1445 2825 ς

192 2825 274 2859 100.
298 2825 601 2880 τετρακιςχιλίους
629 2826 918 2883 τεσσαράκοντα]
958 2824 1024 2873 δμ’
1058 2827 1095 2861 Η
1209 2826 1244 2861 3.
1281 2823 1372 2862 ὅταν
1401 2826 1471 2861 τοῦ
1493 2825 1578 2860 Exn.

194 2873 275 2907 lat.
300 2883 335 2915 p.
357 2872 415 2906 61
441 2872 488 2913 2.,
514 2868 565 2907 ὅτ’
590 2869 709 2907 αὐτοῦ
735 2874 769 2907 Η
