1968 3346
291 244 591 287 EXCERPTA
620 242 905 287 VATICANA
933 242 982 283 L.
1005 240 1356 282 XXVI.·--XXX.
1463 243 1521 282 85

132 370 212 402 στα
241 356 317 401 καὶ
351 360 439 399 τῶν
468 355 515 398 ἐκ
544 354 770 397 κυλικείου
799 350 1118 408 χρυσωμάτων·
1160 351 1517 396 απεσκευασαντο

130 416 177 458 δὲ
206 415 279 458 καὶ
306 417 396 457 τῶν
427 412 659 481 βασιλείων
688 411 837 460 κλίνας
867 409 944 459 τὰς
982 411 1183 458 πλείστας
1219 409 1298 479 μὲν
1327 407 1516 463 α’ργυρό

128 473 291 523 ποδας,
321 469 468 538 ὀλίγας
498 468 544 511 δὲ
572 467 645 510 καὶ
669 466 972 537 χρυσόποδας,
1004 465 1114 520 πρὸς
1145 465 1190 509 δὲ
1218 464 1391 515 τούτοις
1422 467 1516 520 ίμα-

129 530 236 571 τίων
265 527 339 570 καὶ
367 524 538 580 κόσμου
557 525 814 577 γυναικείου
843 522 916 565 καὶ
943 525 1030 564 τῶν
1060 520 1435 565 πολυτελεστάτων
1457 523 1515 564 λί-

128 590 227 628 θων
255 587 447 650 πλῆθος·
488 585 627 623 ταῦτα
660 580 706 623 δὲ
746 579 936 647 ε’φασαν
952 580 1145 634 κομίζειν
1184 579 1242 628 εἰς
1279 578 1385 628 τούς
1413 594 1514 631 προ·
1545 576 1570 617 5

128 643 280 710 χείρως
312 637 490 688 τούτοις
515 637 547 705 ἢ
581 636 728 686 πόλεις
752 635 785 707 ἢ
815 633 1015 690 φρούρια
1053 633 1414 688 παραδώσοντας.
1461 633 1515 675 τα

129 699 177 740 δὲ
207 695 289 752 ούχ
319 695 460 744 οὕτως
491 692 621 761 εἶχεν,
665 691 762 735 ἀλλ’
795 692 956 749 ἔφερον
985 691 1136 747 ἕτοιμα
1171 696 1375 747 χορηγεῖα
1404 691 1515 744 πρὸς

128 753 206 799 τὸν
235 750 333 797 κατ’
369 751 519 795 αὐτῶν
550 749 748 805 ὄλεθρον.

240 837 393 879 XXIV.
431 834 530 878 Ότι
570 833 593 878 ὁ
624 831 841 889 Ἀντίοχος
882 832 953 876 δια
997 831 1350 901 στρατηγήματος
1389 829 1512 873 ἀντι-

128 892 400 962 δοξουμὲνου
433 891 656 946 ἐκυρίευσε
685 894 766 933 τοῦ
800 892 1064 946 Πηλουσίου
1103 893 1186 938 πᾶς
1214 887 1297 943 γὰρ
1327 886 1570 941 πόλεμοςω

128 948 374 1018 ξκβεβηκως
410 965 462 990 τα
500 947 665 1003 νόμιμα
693 948 767 990 καὶ
800 949 946 990 δίκαια
985 950 1074 989 τῶν
1116 945 1368 1017 ανθρώπων
1398 943 1515 999 ὕιιως

130 1009 213 1063 ἔχει
252 1023 375 1056 τινας
414 1007 555 1054 ἰδίους
591 1004 836 1055 καθαπερεὶ
874 1002 1064 1057 νόμους,
1119 1000 1215 1044 οἷον
1256 1001 1415 1055 ἀνοχὰς
1456 1017 1514 1068 μη

26 1065 32 1077 ⁴
71 1065 274 1116 77λύειν,
312 1061 483 1118 κήρυκα
504 1059 578 1129 μὴ
620 1059 839 1114 ἀναιρεῖν,
882 1060 959 1104 τὸν
989 1058 1039 1103 τὸ
1071 1063 1196 1114 σῶμα
1235 1056 1373 1101 αὐτοῦ
1403 1055 1515 1110 πρὸς

130 1121 212 1191 τὴν
233 1123 314 1163 τοῦ
334 1116 643 1172 κατισχύοντος
663 1118 847 1159 πίστιν*
844 1121 1167 1186 τιμωρεῖσθαι.
1199 1119 1337 1158 ταῦτα
1367 1114 1441 1156 καὶ
1462 1112 1516 1155 τὰ

129 1176 304 1226 τούτοις
333 1174 465 1230 ὃμοια
494 1172 800 1242 προςηκόντως
837 1171 893 1216 ἄν
921 1190 986 1224 τις
1017 1170 1295 1229 ἆποφήναιτο
1325 1172 1403 1214 τόν
1427 1168 1571 1222 'Aul-15

131 1235 282 1305 τίοχον
311 1231 512 1285 καθάπερ
543 1247 648 1280 τους
678 1227 763 1272 απὸ
794 1233 883 1272 τῶν
914 1231 1204 1297 δικαστηρίων
1233 1240 1516 1294 συκοφαντας

129 1290 181 1334 τό
215 1289 294 1346 μὲν
334 1287 469 1343 ῥητὸν
506 1290 587 1330 τοῦ
616 1285 760 1341 νόμου
788 1287 1070 1357 τετηρηκέναι
1098 1286 1202 1341 μετα
1243 1284 1322 1336 τας
1353 1300 1515 1339 ανοχας

130 1347 212 1403 τὴν
229 1344 485 1416 κατάληψιν
515 1342 838 1413 πεποιημένον,
881 1343 931 1386 τό
964 1343 1112 1398 μέντοι
1147 1359 1195 1412 γε
1235 1344 1408 1385 δίκαιον
1443 1340 1516 1384 καὶ

130 1401 292 1454 καλόν,
324 1399 385 1445 δι’
419 1402 482 1443 ὠν
504 1397 527 1443 6
552 1398 730 1443 πάντων
753 1398 977 1455 συνέχεται
994 1402 1110 1455 βίος,
1141 1398 1198 1455 μὴ
1224 1398 1514 1466 τετηρηκέναι.

129 1459 204 1504 δια
243 1474 328 1515 γαρ
365 1455 446 1511 τὴν
482 1455 749 1528 συγγένειαν
778 1456 969 1511 ὀφείλων
1001 1458 1230 1510 φείδεσθαι
1259 1459 1339 1498 τοῦ
1369 1470 1510 1524 μειρα-
1517 1465 1571 1505 20

128 1518 255 1567 κίον,
305 1512 506 1566 καθάπερ
556 1511 690 1564 αὐτὸς
736 1512 891 1568 ἔφησε,
943 1512 1207 1555 τούναντίον
1247 1510 1515 1568 εξαπατησας

128 1571 362 1629 ἐπεβάλετο
392 1575 484 1621 τοῖς
513 1569 634 1620 ὅλοις
670 1572 834 1626 σφῆλαι
862 1569 942 1613 τὸν
968 1567 1298 1613 πεπιστευκότα.

242 1656 377 1698 XXV.
415 1654 514 1697 ““Ότι
544 1654 567 1697 6
601 1654 797 1707 Περσεὺς
823 1670 877 1696 τα
908 1653 1096 1697 δοθέντα
1125 1653 1235 1708 πρὸς
1272 1649 1517 1707 διαρπαγήν

130 1711 329 1784 χρήματα
357 1710 684 1781 ἄναλαβόμενος
723 1715 798 1778 τῆς
834 1710 1088 1766 ἐπαγγελίας
1124 1709 1383 1779 ἀπεστέρησε
1412 1708 1518 1758 τούς

131 1770 313 1820 δόντας,
355 1767 556 1836 μέγιστον
591 1766 922 1835 παρασχόμενος
953 1773 1131 1823 σημεῖον
1162 1765 1218 1818 ὡς
1246 1784 1273 1822 η
1306 1771 1513 1822 φιλαργυ-
1519 1770 1572 1813 25

132 1829 207 1884 ρία
231 1842 319 1870 των
347 1823 598 1880 ἀνθρώπων
627 1823 736 1879 πρὸς
764 1829 856 1901 τοῖς
887 1824 1035 1878 ἄλλοις
1061 1829 1216 1876 κακοῖς
1234 1824 1308 1870 καὶ
1333 1824 1382 1868 τὸ
1409 1838 1516 1878 ‹1290-

271 1986 327 2021 85.
356 1986 388 2020 1.
411 1982 612 2038 κυλικείου]
636 1984 805 2020 κυλικίου
831 1986 885 2019 ed.
912 1986 1013 2021 Rom.

272 2033 328 2067 85.
357 2031 494 2067 1213
528 2027 579 2073 μή
604 2028 718 2084 λύειν]
747 2033 831 2065 Cod.
857 2029 1027 2075 μήνυσιν.
1063 2031 1161 2065 ΜΑῘ.

271 2078 410 2112 8513.
445 2073 579 2118 αὖτοῦῙ
607 2073 729 2111 αὐτοῦ
753 2079 806 2112 ed.
834 2080 934 2111 Rom.

271 2122 412 2159 85.14.
447 2121 704 2165 παραδιδόντα
737 2123 788 2168 μή
821 2122 1077 2166 τιμωρεῖσθαι]
1112 2122 1229 2155 Verba
1264 2116 1522 2164 παραδιδόντα

179 2168 229 2216 μὴ
256 2183 276 2203 a
300 2183 354 2202 me
379 2172 596 2226 supplentur.
645 2172 733 2203 Nam
767 2172 802 2203 in
837 2171 959 2203 codice
992 2181 1136 2214 prorsus
1168 2168 1264 2202 nulla
1289 2174 1382 2201 suut.
1423 2168 1520 2201 MAI.

271 2216 328 2251 85
352 2212 410 2252 24.
445 2213 673 2260 ἐπαγγελίας]
699 2214 929 2262 επαγγελείας
954 2217 1008 2251 ed.
1029 2218 1130 2249 Rom.

226 2360 606 2400 85.1⁰.Art³ficium
639 2368 762 2399 narrat
793 2363 914 2398 Livius
943 2361 1047 2398 XLV.
1072 2361 1138 2404 11,
1177 2360 1270 2405 quod
1300 2369 1425 2402 nempe
1456 2357 1525 2391 Ae-

133 2411 245 2454 gypto
269 2409 434 2444 excedens
459 2412 672 2452 Antiochus,
707 2410 886 2444 Pelusium
911 2409 1032 2443 valido
1057 2407 1230 2450 praesidio
1253 2404 1450 2442 retinuerit,
1482 2406 1522 2436 ut

133 2454 288 2499 Aegypti
312 2459 432 2497 portae
456 2457 524 2490 sibi
547 2461 711 2501 paterent.
753 2457 948 2489 Simulatae
970 2465 1106 2498 quoque
1125 2452 1303 2488 amicitiae
1321 2449 1522 2485 convivimn

133 2505 308 2535 memorat
331 2501 602 2546 Hieronymus
593 2515 629 2535 m
652 2504 741 2535 Dan.
760 2503 821 2536 XI.
844 2502 902 2536 27.
935 2501 1031 2533 MAL

228 2545 366 2581 85.18
411 2549 486 2582 Has
518 2560 655 2592 quoque
684 2548 842 2581 inducias
873 2551 994 2580 narrat
1025 2545 1149 2579 Livius
1182 2545 1252 2578 loe.
1277 2543 1334 2577 cit.
1388 2541 1523 2583 Nempe

134 2595 257 2636 pactus
291 2597 366 2626 erat
396 2595 591 2628 Antiochus
615 2606 695 2627 cum
717 2594 920 2627 Ptolemaeo
942 2592 1038 2625 haud
1069 2603 1107 2625 se
1129 2593 1379 2633 occupaturum
1403 2588 1524 2631 Aegy-

134 2643 236 2682 ptum
260 2637 290 2670 si
313 2637 406 2673 intra
428 2640 557 2674 dictam
591 2641 682 2673 diem
707 2639 917 2673 conditiones
939 2639 1106 2681 quasdam
1138 2636 1283 2670 iniustas
1306 2633 1525 2676 impetraxis-

135 2688 199 2718 set.
249 2684 298 2716 Et
323 2685 471 2727 perstitit
491 2686 631 2730 quidem
652 2687 688 2720 in
704 2685 850 2719 induciis
870 2685 1081 2723 Antiochum
1104 2693 1226 2716 verum
1250 2680 1306 2714 his
1330 2677 1525 2718 transactis,

137 2730 339 2774 Aegyptum
364 2732 475 2764 denuo
500 2732 673 2785 pervasit3
700 2736 733 2764 ct
755 2731 998 2764 Ptolemaeum
1022 2728 1150 2763 sororis
1174 2738 1259 2760 suae
1281 2725 1392 2759 filium
1416 2734 1526 2768 regno

137 2781 294 2809 evertere
325 2777 510 2821 adgressus
533 2782 605 2818 θεῖς
637 2777 705 2811 nisi
730 2777 938 2810 Antiochum
963 2775 1114 2809 Romani
1145 2771 1386 2807 inhibuissent.
1430 2771 1527 2814 Lego

138 2821 246 2856 etiam
269 2822 397 2857 Euseb.
423 2824 543 2858 chron.
568 2824 623 2857 ed.
647 2823 793 2857 Mediol.
818 2823 878 2856 lib.
897 2822 925 2856 1.
949 2822 1007 2856 23.
1042 2820 1140 2854 MAI.

230 2866 291 2904 85.
313 2868 371 2907 25.
404 2869 531 2905 Confer
554 2869 703 2905 Diodori
725 2870 925 2914 fragmenta
947 2863 1297 2912 ed.p.580.MA1.
