1968 3346
598 629 650 670 L.
679 629 893 673 XXXVII.
934 628 1168 672 XXXVIII.
1208 628 1396 674 XXXIX,
1437 628 1526 670 XL.

369 809 402 849 Ι.
450 769 585 862 Αφ’
617 822 681 849 ων
709 803 884 861 χρόνων
914 805 962 849 αἱ
989 820 1078 848 των
1107 801 1360 860 ἀνθρώπων
1389 803 1565 857 πράξεις
1584 800 1657 846 διοὲ
1678 803 1824 858 qu'glffl

368 869 591 937 ἱστορικῆς
612 864 883 939 ἀναγραφῆς
922 866 983 915 εἰς
1021 859 1204 908 αι’ἑόνιον
1233 864 1411 934 μνήμην
1442 861 1755 932 παρεδόθησαν

367 924 572 980 μέγιστον
601 925 726 988 ἴσμεν
754 922 949 990 πόλεμον
977 921 1056 964 τόν
1076 921 1311 976 Μαρσικὸν
1333 920 1653 990 ὀνομασθέντα
1669 916 1756 962 απὸ

366 985 588 1036 Μαρσῶν.
619 982 754 1029 οὗτος
791 994 878 1034 γαρ
916 975 1085 1028 πάντας
1123 995 1231 1028 τους
1267 976 1595 1033 προγεγονότας
1624 991 1756 1028 υπερ·

338 1038 469 1092 5εβάλ
479 1054 549 1080 ετο
579 1041 674 1087 ταῖς
701 1039 791 1078 τῶν
822 1038 1075 1104 στρατηγῶν
1100 1032 1419 1102 ἀνδραγαθίαις
1445 1035 1520 1076 καὶ
1548 1037 1610 1090 τῷ
1640 1031 1757 1088 μεγέ-

366 1099 440 1138 θει
468 1099 558 1137 τῶν
597 1091 806 1159 πράξεων.
857 1092 935 1134 τὸν
973 1090 1059 1146 γάρ
1095 1092 1296 1144 Τρωικὸν
1334 1090 1528 1146 πόλεμον
1566 1090 1640 1132 καὶ
1679 1089 1757 1138 τὰς

365 1155 458 1194 τῶν
482 1149 646 1217 ηρεόων
676 1147 830 1203 αρετοὶς
860 1147 884 1191 ὁ
915 1147 1256 1217 ἐπιφανέστατος
1289 1151 1378 1190 τῶν
1408 1150 1602 1203 ποιητῶν
1620 1145 1755 1215 Όμη-

367 1223 447 1261 ρος
476 1210 536 1257 εἰς
563 1204 814 1260 υπερβολὴν
843 1203 972 1259 δόξης
1002 1201 1326 1272 έτραγῴδησεν·
1358 1203 1404 1245 ἐν
1432 1205 1465 1259 ᾠ
1494 1207 1571 1259 τῆς
1600 1201 1754 1273 Εὐρώ-

364 1280 450 1334 πης
485 1261 597 1317 πρὸς
616 1277 714 1331 την
747 1260 897 1304 Ἀσίαν
927 1258 1276 1315 διαπολεμούσης
1313 1260 1386 1302 καὶ
1424 1262 1512 1301 τῶν
1541 1260 1756 1314 μεγίστων

309 1319 559 1389 1οηπείρων
601 1316 713 1388 νπὲρ
759 1321 836 1374 τῆς
871 1317 1004 1387 νίκης
1051 1316 1510 1386 διαφιλοτιμουμένων
1552 1331 1756 1358 τοιαυται

364 1375 544 1430 πραξεις
592 1373 680 1418 υπὸ
722 1390 811 1417 των
858 1371 1192 1444 ἀγωνιζομένων
1233 1371 1606 1441 συνετελέσθησαν
1648 1370 1754 1421 ω’ςτε

364 1438 459 1484 τοῖς
495 1430 820 1488 ἐπιγενομένοις
859 1428 1117 1484 ανθρώποις
1154 1428 1474 1500 ἐμπλησθῆναι
1497 1427 1550 1471 τὰ
1584 1427 1755 1481 θέατρα

364 1493 572 1563 μυθικῶν
601 1489 675 1532 καὶ
703 1503 925 1559 τραγικων
954 1484 1283 1555 ἀγωνισματων.
1321 1483 1416 1529 ἀλλ’
1449 1483 1566 1540 ὅμως
1594 1484 1754 1527 ἐκεῖνοι

366 1546 446 1600 μὲν
474 1547 586 1590 ἔτεσι
615 1544 720 1588 δέκα
749 1544 827 1595 τας
855 1544 902 1589 έν
930 1548 982 1615 τῇ
1009 1541 1183 1599 Τρῳαδι
1212 1541 1362 1592 πόλεις
1387 1541 1755 1611 κατεπολέμησαν,

307 1603 569 1675 15Ῥωμαῖοι
605 1602 651 1646 δε
682 1601 871 1655 ὕστερον
899 1616 1077 1670 χρονοις
1116 1602 1212 1669 μιᾷ
1223 1597 1461 1653 παραταξει
1498 1596 1755 1667 νικήσαντες

361 1658 582 1715 Ἀντίοχον
611 1657 691 1702 τὸν
718 1657 856 1713 μέγαν
885 1661 963 1713 τῆς
984 1655 1127 1706 Ἀσίας
1156 1653 1308 1709 κύριοι
1335 1655 1616 1723 κατέστησαν.
1649 1653 1753 1725 μετὰ

362 1717 411 1761 δὲ
440 1733 494 1758 τα
528 1714 703 1769 Τρωικὰ
733 1717 815 1757 τοῦ
847 1717 1033 1767 Περσῶν
1062 1711 1273 1766 βασιλέως
1309 1710 1655 1781 στρατεύσαντος
1684 1710 1754 1753 ἐπὶ

361 1789 445 1843 την
467 1771 653 1816 Ελλαδα
694 1771 767 1815 καὶ
810 1769 882 1813 δια
912 1768 995 1825 τὴν
1036 1767 1293 1839 ὑπερβολήν
1324 1772 1407 1812 τοῦ
1435 1767 1636 1838 πλήθους
1664 1770 1754 1810 τῶν

362 1827 738 1873 ἀκολουθούντων
763 1823 885 1897 αὐτῷ
916 1837 1193 1895 στρατιωτων
1223 1823 1639 1894 ἀναξηραινομένων
1661 1827 1822 1870 τῶν113

304 1885 568 1935 2οἀενναων
603 1888 814 1955 ποταμῶν
849 1882 877 1938 ἡ
910 1881 1254 1952 Θεμιστοκλέους
1282 1879 1545 1952 στρατηγικη
1577 1879 1752 1930 σύνεσις

362 1959 472 1999 μετα
500 1946 577 1998 τῆς
609 1945 698 1984 τῶν
722 1939 956 2009 Ἑλλήνων
982 1937 1136 2008 ἀρετῆς
1172 1938 1278 1989 τούς
1309 1937 1485 1992 Πέρσας
1523 1937 1754 1980 κατεπολέ-

362 2011 513 2055 μησεν.
547 2014 659 2042 κατα
689 1996 736 2040 δε
764 1996 869 2047 τούς
900 1993 1065 2046 αὐτοὺς
1089 1994 1272 2049 καιροὺς
1289 1995 1612 2062 Καρχηδονίων
1633 1992 1754 2063 τριοῖ-

361 2072 501 2102 κοντα
548 2051 758 2109 μυριάσιν
791 2053 862 2096 ἐπι
901 2068 986 2122 την
1022 2053 1229 2095 Σικελίαν
1273 2049 1635 2117 στρατευσαντων
1673 2048 1752 2092 Γέ-

361 2115 454 2156 λων
482 2109 506 2155 ὁ
530 2112 856 2166 Συρακουσίων
886 2106 1203 2166 αφηγούμενος
1232 2106 1298 2152 ἑνὶ
1325 2105 1649 2164 στρατηγήματι
1677 2105 1752 2149 καὶ

503 2234 582 2272 124.
610 2236 664 2271 19.
692 2232 1059 2278 ἀναξηραινομένων]
1084 2230 1388 2279 ἅναξηραιμένων
1407 2232 1462 2266 ed.
1482 2233 1583 2267 Rom
1615 2231 1752 2266 Deinde

410 2279 558 2318 ἀενάων
585 2295 626 2315 an
653 2278 821 2317 ἀεννάων
846 2283 1069 2314 scribendum
1102 2282 1148 2314 sit
1172 2283 1208 2313 in
1240 2281 1307 2314 hoc
1333 2293 1386 2312 sc
1392 2280 1506 2323 iptore
1529 2290 1601 2314 non
1624 2279 1750 2323 liquet.

504 2327 584 2364 124.
606 2330 664 2363 20.
696 2325 930 2373 στρατηγική]
956 2328 1084 2372 incipit
1108 2327 1240 2361 codicis
1265 2339 1301 2371 p.
1321 2323 1404 2360 246.

455 2441 536 2477 124.
560 2443 596 2477 2.
630 2441 767 2477 Similis
789 2441 960 2476 sententia
981 2440 1042 2476 sed
1071 2440 1152 2476 aliis
1174 2438 1292 2474 verffis
1315 2447 1477 2482 expressa
1499 2435 1563 2470 lib.
1583 2434 1752 2470 XXXIII.

362 2489 398 2525 ¹
433 2489 535 2568 Νὲἒὲ.
561 2534 596 2568 4.
627 2533 721 2568 Tam
755 2532 790 2566 in
822 2533 999 2576 phofianis
1029 2531 1162 2575 eclogis
1193 2541 1300 2574 quam
1330 2529 1366 2562 in
1392 2526 1581 2562 valesianis
1615 2526 1752 2560 bellum

361 2581 553 2614 marsicum
577 2580 770 2613 collocatur
793 2579 828 2612 in
854 2579 1035 2613 XXXVII.
1060 2579 1165 2611 libro.
1206 2577 1286 2621 Ego
1309 2586 1393 2608 vero
1416 2572 1627 2607 narrationis
1650 2572 1750 2606 libri-

361 2638 430 2670 que
453 2630 492 2660 ut
513 2626 667 2660 arbim-or
696 2625 812 2668 ipsum
845 2625 1026 2657 ‹xm-dium
1057 2636 1149 2657 nunc
1172 2634 1192 2656 e
1214 2622 1376 2655 ηιῐίοειηο
1399 2620 1519 2653 codice
1542 2619 1619 2653 edo.
1665 2618 1751 2652 lmi-

360 2676 456 2706 tatur
489 2683 572 2706 sane
593 2672 767 2705 Diodorus
791 2671 1037 2714 Thucydidem
1067 2670 1127 2713 qui
1150 2668 1200 2702 sio
1222 2667 1381 2710 loquitur
1403 2666 1445 2699 de
1469 2663 1749 2718 peloponnesiaci

361 2718 449 2752 belli
471 2717 731 2808 ιιιιιἯᾱίιιθ.
772 2716 903 2759 Nequis
927 2727 1010 2749 vero
1034 2717 1285 2768 exaggeratam
1315 2712 1421 2746 huius
1450 2710 1537 2744 belli
1571 2709 1748 2754 magnitu-

363 2764 480 2798 dinem
528 2775 550 2798 u
653 2763 751 2796 testis
782 2763 880 2796 adest
903 2762 1108 2795 Patercnlus
1143 2760 1203 2803 qui
1225 2759 1286 2792 lib.
1303 2759 1350 2792 ΙΙ.
1375 2756 1441 2797 15,
1475 2756 1526 2794 ait
1556 2755 1593 2792 id
1615 2755 1750 2791 bellum

361 2810 515 2854 amplius
536 2809 624 2845 CCC
647 2808 748 2844 maha
770 2808 959 2844 iuventutis
981 2807 1122 2843 italicae
1144 2804 1341 2842 abstulisse.
1374 2803 1487 2840 MAI.-
