1968 3346
399 212 484 254 170
595 206 898 250 EXCERPTA
926 204 1301 249 LEGATIONVM
1329 205 1378 248 L.
1405 206 1558 250 XXXI.

398 337 490 371 τοις
520 320 660 364 οἰκεῖα
687 318 906 390 πρότερον
925 317 1218 389 διεπράξατο,
1259 317 1334 362 καὶ
1361 317 1458 363 τότε
1489 320 1536 364 δὲ
1563 319 1675 365 κατά
1703 337 1786 389 την

399 379 571 428 ει’ςοδον
611 375 860 446 γενόμενος
887 374 967 432 τὴν
1003 378 1063 427 εἰς
1098 374 1181 432 τήν
1220 375 1463 432 σύγκλητον
1492 377 1602 420 κατά
1629 377 1678 421 τὸ
1708 376 1789 421 θύ-

400 450 559 504 ρετρον
595 433 749 477 α’ντίον
786 432 889 484 στάς
926 437 1008 477 τοῦ
1049 434 1284 487 συνεδρίου
1322 434 1395 476 καὶ
1423 435 1574 485 καθεὶς
1602 434 1679 485 τὰς
1705 439 1787 490 χεῖ-

315 497 371 538 60
402 508 481 547 ρας
512 489 764 546 ἀμφοτέρας
801 490 1097 545 προςεκύνησε
1133 489 1211 533 τὸν
1249 488 1387 533 οὐδὸν
1416 491 1490 534 καὶ
1518 489 1625 542 τούς
1652 497 1790 546 καθη-

399 548 579 618 μένους,
612 547 985 619 ἐπιφθεγξάμενος
1016 548 1197 601 Χαίρετε
1226 547 1325 590 θεοὶ
1353 552 1564 617 σωτῆρες,
1596 545 1791 618 ὑπερβο-

397 605 478 661 λὴν
509 603 720 659 οὐδεμίαν
751 603 981 648 ἀπολιπών
1009 605 1239 654 κολακείας
1279 602 1509 673 ἀνάνδρου
1539 604 1612 648 καὶ
1640 621 1793 659 γυναι-

397 666 573 716 κισμοῦ.
607 662 864 712 ἀκολούθως
895 663 940 705 δὲ
970 660 1145 712 τούτοις
1174 661 1248 704 καὶ
1277 660 1356 704 τόν
1385 661 1522 716 λόγον
1544 661 1591 704 ἐν
1609 665 1661 718 τῇ
1692 673 1793 716 συγ-

398 720 557 789 κλητῳ
580 719 876 789 ποιησάμενος
916 722 1100 763 τοιαῦτα
1143 719 1325 774 διῆλθεν
1367 718 1471 769 ὤςτε
1500 718 1574 762 καὶ
1603 705 1794 775 γράφειν

397 775 503 831 ἡμῖν
532 774 717 830 άπρεπες
748 781 872 819 εἰναι.
915 775 941 830 ἡ
974 775 1019 818 δε
1049 773 1288 843 σύγκλητος
1326 780 1420 825 τοῖς
1457 776 1675 826 πλείστοις
1703 779 1793 817 τῶν

315 837 370 880 65
399 833 648 887 λεγομένων
685 833 1023 887 προςκόπτουσα
1072 830 1327 886 πρεπούσας
1365 836 1421 889 τῇ
1467 834 1679 889 κολακεία
1715 830 1862 886 11:23525

401 889 655 943 ἀποκρίσεις
684 889 940 946 ἐποιήσατο·
989 889 1204 944 Ρωμαῖοι
1232 887 1318 943 γάρ
1352 890 1425 931 καὶ
1455 891 1692 945 πολεμίους
1721 887 1792 932 ἐπ’

315 979 373 1019 23
402 946 581 1017 ἀνδρείᾳ
611 951 1058 1006 μεγαλοφρονοῦντας
1085 949 1216 988 νικᾶν
1247 943 1530 989 σπεύδουσιν.

316 1037 373 1077 70
504 1002 601 1046 “On
630 1006 741 1060 ἡκον
769 1004 1032 1059 πρεσβευταὶ
1063 1004 1122 1054 εἷς
1148 1000 1325 1058 “Ρω’μην
1354 1000 1476 1056 παρά
1506 1018 1552 1046 τε
1581 1003 1664 1045 τοῦ
1693 1016 1796 1045 νεω-

402 1058 534 1114 τέρου
566 1063 844 1117 Πτολεμαίου
874 1061 948 1104 καὶ
976 1077 1096 1115 παρα
1123 1063 1205 1103 τοῦ
1234 1061 1546 1114 πρεσβυτέρου.
1586 1057 1797 1109 δοθέντος

318 1120 373 1162 75
406 1117 452 1160 δε
483 1115 636 1168 αὐτοῖς
677 1119 724 1161 έν
765 1122 826 1186 τῷ
867 1119 1081 1188 συνεδρίῳ
1127 1116 1288 1186 λόγου,
1334 1115 1607 1161 διακούσασα
1635 1115 1682 1185 ἡ
1696 1114 1798 1183 σύγῑ

404 1178 561 1229 κλητος
598 1192 652 1217 τα
690 1165 806 1219 κατὰ
835 1174 967 1229 μέρος
1006 1162 1261 1230 ἐδογμάτισε
1297 1190 1406 1224 τους
1444 1190 1535 1244 μεν
1563 1189 1683 1228 παρα
1715 1175 1797 1215 τοῦ

404 1232 703 1300 πρεσβυτέρου
745 1233 1022 1284 Πτολεμαίου
1062 1230 1330 1301 πρεσβευτὰς
1370 1230 1418 1273 έν
1455 1229 1639 1300 ἡμέραις
1673 1229 1799 1273 πέντε

404 1293 500 1338 ταῖς
530 1287 689 1339 πάσαις
719 1288 766 1332 ἐκ
785 1293 861 1344 τῆς
886 1289 1069 1338 Ἰταλίας
1101 1286 1464 1339 ἀπαλλάττεσθαι,
1495 1289 1571 1330 καὶ
1593 1286 1673 1355 τὴν
1697 1298 1800 1341 συμ-

406 1362 507 1400 μαχι
502 1347 567 1387 ἀν
598 1345 767 1388 άνελεῖν
796 1345 876 1400 τήν
910 1344 1023 1399 πρὸς
1054 1342 1210 1397 αυτόν,
1251 1344 1380 1415 πρὸς
1400 1344 1446 1388 δε
1475 1343 1556 1387 τόν
1585 1342 1801 1413 νεώτερον

321 1405 376 1446 80
407 1406 689 1457 Πτολεμαῖον
718 1403 885 1457 πέμψαι
914 1400 1182 1457 πρεσβευτάς
1221 1400 1327 1452 τούς
1365 1401 1693 1471 έμφανιούντας
1725 1397 1801 1443 αὕ-

405 1462 466 1515 τῷ
503 1458 581 1514 τὴν
621 1458 802 1502 εὔνοιαν
839 1462 915 1515 τῆς
955 1458 1202 1515 συγκλήτου
1240 1459 1316 1502 καὶ
1350 1457 1404 1502 τὰ
1444 1457 1803 1514 διασεσαφημένα

320 1548 346 1587 2
405 1504 622 1586 τάδελφῷ.

321 1550 377 1647 ὃὲ
507 1571 606 1616 ”Ότι
623 1589 733 1616 κατα
753 1570 833 1628 τὴν
855 1570 1094 1625 ἑκατοστὴν
1114 1569 1415 1643 πεντηκρστὴν
1436 1571 1654 1641 πέμπτην
1650 1569 1802 1627 Ὀλυμ-

405 1628 543 1674 πιάδα
570 1629 770 1699 πρέσβεις
799 1627 1093 1683 παρεγένοντο
1123 1627 1245 1683 παρά
1276 1626 1545 1683 Ἀριαράθου
1585 1627 1806 1683 στέφανον

406 1689 656 1742 κομίζοντες
695 1686 780 1729 άπὸ
822 1699 1021 1754 χρυσων
1036 1687 1209 1740 μυρίων
1250 1687 1324 1728 καὶ
1363 1687 1687 1739 διασαφοῦντες
1723 1684 1804 1740 τὴν

404 1743 587 1787 εὔνοιαν
626 1747 707 1786 τοῦ
745 1743 955 1800 βασιλέως
980 1740 1049 1812 ἣν
1086 1742 1168 1797 ε’χει
1207 1742 1318 1797 πρὸς
1344 1740 1615 1797 “Ρωμαίους,
1656 1742 1718 1786 ε’τι
1756 1743 1803 1785 δε

407 1800 489 1855 τὴν
519 1799 582 1844 δι’
609 1801 805 1849 ἐκείνους
834 1798 1074 1855 γενομένην
1092 1798 1339 1855 άπόῤῥησιν
1368 1804 1450 1843 τοῦ
1478 1799 1625 1868 γάμου
1644 1799 1718 1843 καὶ
1735 1816 1804 1854 φι-

322 1865 377 1907 90
408 1859 503 1908 λίας
533 1857 644 1927 πρὸς
670 1856 938 1927 Δημήτριον.
986 1854 1484 1925 συνεπιμαρτυρούντων
1521 1856 1566 1899 δε
1604 1856 1678 1900 καὶ
1713 1859 1803 1900 τῶν

407 1916 507 1968 περὶ
536 1915 614 1958 τὸν
646 1913 853 1984 Γράκχον
879 1915 1181 1968 πρεσβευτῶν,
1213 1911 1240 1968 ἡ
1273 1926 1297 1956 6
1358 1918 1514 1985 κλητος
1543 1912 1805 1983 έπαινέσασα

408 1972 487 2014 τόν
524 1971 769 2040 Ἀριαράθη
805 1969 882 2014 τόν
904 1987 948 2013 τε
978 1970 1198 2025 στέφανον
1228 1957 1400 2021 εδέςατο
1431 1970 1504 2013 καὶ
1532 1970 1586 2013 τὰ
1627 1969 1806 2026 μέγιστα

324 2062 382 2104 25
409 2045 499 2071 των
528 2028 635 2084 παρ’
669 2027 819 2078 αὐτοῖς
849 2027 1158 2097 νομιζομένων
1174 2025 1330 2082 δώρων
1359 2025 1619 2070 ἀπέστειλεν.

513 2085 612 2128 Ὀτι
642 2101 752 2128 κατα
784 2084 865 2127 τόν
906 2083 1043 2127 αὐτὸν
1079 2082 1244 2153 χρόνον
1278 2083 1625 2154 συνειςήχθησαν
1658 2082 1732 2126 καὶ
1762 2084 1809 2126 οῖ

327 2118 382 2162 95
411 2159 532 2194 παρα
565 2143 823 2198 Δημητρίου
862 2142 1062 2211 πρέσβεις
1099 2142 1144 2183 οἱ
1182 2139 1260 2184 τὸν
1300 2141 1521 2197 στέφανον
1558 2142 1807 2209 κομίζοντες

303 2207 383 2247 100
415 2198 500 2242 άπὸ
543 2201 715 2269 μυρίων
749 2201 941 2267 χρυσῶν
985 2198 1059 2241 καὶ
1099 2195 1204 2248 τοὺς
1250 2198 1417 2248 αἰτίους
1454 2214 1533 2241 του
1576 2197 1687 2241 κατὰ
1728 2195 1808 2240 τὸν

406 2255 670 2299 Ὀκταούιον
701 2253 849 2324 φόνου
879 2256 1082 2309 δεσμίους
1113 2253 1304 2309 άγοντες.
1333 2253 1361 2310 ἡ
1392 2254 1438 2298 δὲ
1463 2252 1705 2325 σύγκλητος
1738 2253 1810 2296 ἐπὶ

411 2312 558 2358 πολυν
608 2313 688 2370 μὲν
737 2311 901 2368 χρόνον
951 2309 1190 2368 διηπόρησε
1235 2315 1330 2362 πῶς
1377 2311 1590 2368 χρηστέον
1625 2312 1680 2368 ἡν
1716 2314 1810 2362 τοῖς

412 2427 470 2462 62.
508 2423 778 2471 γυναικισιιοῦ]
811 2425 1085 2469 γυναικιασμοῦ
1107 2425 1158 2470 V,
1192 2436 1412 2470 μιαικισμου
1447 2424 1593 2470 Polybii
1617 2425 1808 2468 Excerpto-

412 2486 492 2508 rum
516 2474 623 2506 codex
646 2472 886 2512 Monacensis,
921 2472 982 2505 ubi
1016 2472 1137 2505 itidem
1161 2472 1433 2517 γυναικιασμοῦ
1466 2472 1623 2507 ediderat
1652 2471 1808 2515 Vrsinus,

412 2521 472 2556 sed
495 2520 742 2564 γυναικισμοῦ
765 2517 886 2551 scribit
910 2517 944 2551 in
968 2518 1191 2552 annotatione

506 2566 586 2600 626.
619 2566 669 2600 42.
704 2562 887 2607 νεωτέρου
912 2565 952 2600 Μ
976 2576 1057 2598 cum
1080 2564 1232 2621 Polybio
1251 2565 1398 2599 XXXII.
1422 2564 1457 2598 1.
1481 2563 1538 2606 1.,
1562 2561 1652 2600 νέου
1675 2562 1708 2597 V

414 2611 472 2646 75.
498 2625 544 2646 τα
568 2625 661 2647 κατα
686 2613 747 2652 Μ,
777 2624 870 2646 κατα
894 2611 923 2643 V
1062 2611 1120 2645 80.
1147 2608 1299 2646 εὕνοιοιν
1324 2612 1384 2653 Μ,
1409 2609 1559 2646 ε’ννοιαν
1582 2610 1613 2644 V
1749 2607 1808 2643 81.

414 2656 572 2701 ταδελφ
567 2660 603 2703 3]
628 2657 674 2692 τά
702 2656 742 2692 δ’
764 2656 835 2713 ἐλῷ
860 2657 900 2690 Μ
1033 2656 1091 2691 85.
1116 2655 1318 2702 ἑκατοστήν
1342 2656 1595 2713 πεντηκοστήν
1615 2652 1807 2699 πέμπτην]

417 2704 489 2748 ρνε’
516 2706 584 2738 Mi
653 2704 710 2738 87.
738 2701 890 2739 εὔνοιαν
915 2702 955 2736 Μ
979 2714 1059 2737 cnm
1083 2704 1172 2749 Pol
1174 2704 1234 2738 bio
1257 2705 1384 2738 XXXI.
1410 2704 1467 2738 14.
1493 2704 1516 2737 2
1494 2722 1541 2746 .,
1564 2701 1714 2738 ἔννοιαν
1730 2702 1760 2734 V

415 2750 473 2784 92.
499 2748 564 2786 τόν
588 2751 647 2794 τε]
675 2749 743 2786 τὸν
768 2750 809 2784 Μ
909 2749 967 2786 99.
993 2761 1084 2790 τους
1107 2750 1252 2791 αἰτίους
1278 2751 1340 2792 Μ,
1362 2747 1429 2790 τοὶς
1451 2750 1573 2790 αἰτίας
1595 2749 1625 2784 V
1725 2745 1809 2803 100.

419 2795 560 2841 φόνου]
589 2795 729 2865 φόβον.)
735 2809 781 2831 ου
807 2795 847 2829 Μ
986 2793 1136 2840 άγοντες
1154 2797 1324 2843 Polybius
1340 2795 1625 2837 XXX11.6.1.‚
1649 2790 1808 2841 ἆγαγόν-

416 2856 475 2884 τες
500 2844 569 2878 MV
705 2843 740 2878 2.
764 2839 955 2888 χρηστέον]
979 2841 1144 2887 χρυσέων
1167 2843 1207 2877 Μ
