1968 3346
239 229 244 234 “
279 217 582 261 EXCERPTA
609 215 682 257 DE
712 214 861 257 VIRT.
891 214 967 255 ΕΤ
999 213 1112 257 VIT.
1139 215 1188 257 L.
1217 213 1326 258 XXI.
1438 219 1497 260 93

26 336 30 386 ζ
74 331 83 384 ἶ
110 328 219 387 παρ’
251 330 414 374 ἑαυτοῦ
432 327 638 382 προςθεις
667 324 692 370 6
723 325 1023 396 συγγραφεύς,
1053 325 1131 378 τὰς
1159 328 1238 398 μὲν
1264 327 1498 401 εὐημερίας

21 395 24 402 '
79 389 441 459 ’ἀφαιρούμενος
468 385 630 434 αὐτοῦ
659 383 736 433 τὰς
766 383 812 426 δὲ
842 382 1108 435 ἀποτεύξεις,
1142 383 1196 427 ου’
1224 385 1303 436 τὰς
1333 384 1393 429 δι’
1423 382 1498 428 αὐ-

109 445 188 490 τὸν
219 444 361 499 μόνον
395 441 654 511 γενομένας,
696 438 804 482 ἀλλά
843 440 918 482 καὶ
955 440 1031 490 τας
1069 440 1142 482 διὰ
1177 440 1334 497 τύχην,
1377 458 1498 497 μετα-
1530 443 1586 488 15

19 506 25 556 ζ
78 503 80 507 '
112 503 263 571 φέρων
292 502 353 551 εἰς
395 498 473 542 τὸν
501 497 635 554 μηδὲν
667 496 970 565 ἐξαμαρτόντα.
1001 496 1184 551 γενομέι
1188 514 1240 540 ου
1271 499 1317 541 δὲ
1348 497 1501 553 ὁμολο-

25 574 33 582 ·
77 558 338 614 1γουμένως
385 554 524 598 αὐτοῦ
574 557 862 608 στρατηγικοῦ
905 551 1006 621 μὲν
1021 552 1132 595 κατὰ
1159 553 1251 624 τὴν
1290 555 1502 604 ἐπίνοιαν,

95 617 347 683 *δραστικοῦ
371 612 417 655 δὲ
447 611 520 654 καὶ
549 609 870 665 τεθαρὁκότος
899 626 1012 652 κατα
1043 608 1125 677 τήν
1153 609 1200 652 ἐν
1229 616 1322 661 τοῖς
1351 627 1423 654 κιν
1427 610 1501 654 δυ’-

22 676 33 701 ‘0
76 688 206 722 νοις
245 669 496 737 εὐτολμίαν,
547 665 602 709 οὐ
641 668 850 709 διαλείπει
890 664 998 718 παρ’
1041 665 1148 722 ὅλην
1182 683 1261 722 την
1303 669 1502 722 ἱστορίαν

76 715 80 785 ι
109 726 348 772 ἀποκαλῶν
371 723 507 768 αὐτὸν
531 722 754 776 ἄνανδρον
782 723 856 766 καὶ
886 720 1046 765 δειλόν.
1075 724 1219 766 καίτοι
1246 739 1294 779 γε
1323 726 1387 774 τίς
1417 723 1499 766 οὐκ
1528 733 1584 773 20

76 799 79 824 ἡ
110 783 230 828 οἶδεν
259 781 328 825 ὅτι
358 785 445 824 τῶν
473 779 648 823 πώποτε
680 778 1072 823 δυναστευσαντων
1103 778 1247 831 οὐδεὶς
1276 779 1499 823 ἐλάττοσιν

108 839 333 909 ἀφορμαῖς
380 835 652 907 χρησάμενος
694 838 822 890 μείζω
871 837 1098 891 βασιλείαν
1129 836 1501 907 περιεποιήσατος

107 896 375 967 χειροτέχνης
401 911 487 963 γαρ
527 893 575 936 ἐκ
604 894 776 937 παίδων
804 892 1039 948 γενόμενος
1077 891 1140 936 δι’
1170 891 1361 947 ἀπορίαν
1398 895 1502 946 βίου

17 949 33 971 ”
76 999 77 1002 ¹
107 954 183 997 καὶ
214 953 412 1007 πατέρων
450 950 631 1002 ἀδοξίαν
675 950 717 1000 ἐξ
746 948 937 1002 ὑστέρου
981 949 1054 992 δια
1086 966 1166 1005 την
1196 952 1314 994 ἰδίαν
1345 948 1506 1005 ἀρετὴν

21 1057 26 1066 1
75 1051 80 1066 ,
109 1007 166 1053 ου’
200 1008 351 1079 μόνον
369 1008 574 1058 Σικελίας
612 1005 766 1061 σχεδὸν
804 1006 909 1075 ὅλης
945 1006 1218 1060 ἐκυρίευσεν,
1260 1006 1371 1050 ἀλλα
1401 1011 1501 1049 πολ·
1529 1011 1585 1055 25

26 1090 33 1095 ·
75 1082 79 1100 ¹
109 1065 190 1122 λήν
228 1069 305 1121 τῆς
338 1062 523 1114 Ἰταλίας
561 1079 605 1105 τε
643 1063 717 1105 καὶ
748 1062 919 1118 Λιβύης
957 1069 1050 1113 τοῖς
1087 1062 1240 1115 ὅπλοις
1278 1063 1500 1115 κατεστρέ-

18 1116 32 1144 ³⁸
109 1130 237 1174 ψατο.
283 1119 514 1175 θαυμάσαι
551 1118 596 1163 δ’
634 1118 690 1162 ἄν
728 1136 792 1170 τις
829 1124 911 1162 τοῦ
931 1120 1236 1191 συγγραφέως
1268 1119 1348 1175 την
1388 1119 1501 1175 εὐχέ-

75 1181 78 1191 ’
109 1194 252 1232 ρειαν·
289 1176 393 1230 παρ’
426 1177 534 1230 ὅλην
561 1174 643 1231 γὰρ
673 1175 762 1245 τήν
793 1175 970 1244 γραφὴν
998 1176 1276 1246 ἐγκωμιάζων
1304 1176 1384 1232 τὴν
1412 1181 1501 1219 τῶν

111 1236 436 1290 Συρακουσίων
474 1233 682 1301 ἀνδρείαν
718 1231 796 1276 τὸν
841 1232 1011 1276 τούτων
1051 1233 1326 1288 κρατήσαντα
1364 1235 1501 1276 δειλία

109 1292 244 1362 φησὶ
260 1289 556 1346 διενηνοχέναι
601 1288 706 1340 τους
747 1289 942 1340 ἅπαντας
981 1288 1256 1344 ἀνθρώπους.
1307 1291 1378 1334 δια
1418 1290 1499 1346 γὰρ
1530 1297 1588 1338 3ο

18 1362 29 1393 3
72 1343 77 1379 f
107 1353 198 1391 τῶν
227 1348 274 1391 ἐν
311 1353 406 1398 ταῖς
442 1344 745 1390 ἐναντιώσεσιν
778 1346 970 1418 ἐλέγχων
1010 1347 1214 1416 φανερός
1234 1346 1321 1390 ἐστι
1349 1346 1399 1390 τὸ
1432 1365 1503 1402 φι-

20 1402 33 1437 '-
75 1408 77 1450 ἓ
107 1405 298 1461 λαληθες
321 1408 397 1460 τῆς
427 1405 648 1458 ἱστορικῆς
671 1402 919 1458 παῤῥησίας
949 1403 1240 1458 προδεδωκιὸς
1271 1405 1384 1454 ἰδίας
1413 1404 1502 1446 ε’νε-

107 1478 184 1506 κεν
215 1462 372 1531 ἔχθρας
394 1461 469 1504 καὶ
494 1461 775 1515 φιλονεικίας.
806 1460 955 1513 διόπερ
985 1478 1062 1512 τας
1092 1460 1269 1516 ἐσχάτας
1297 1478 1373 1516 της
1404 1472 1503 1503 συν-

21 1521 33 1571 s
75 1560 76 1563 ,
107 1518 268 1570 τάξεως
296 1517 422 1560 πέντε
431 1518 633 1589 βίβλους
661 1520 744 1559 τοῦ
775 1518 1063 1572 συγγραφέως
1092 1517 1277 1568 τούτου,
1308 1522 1414 1561 κα-’θ
1450 1516 1502 1568 ἃς
1531 1520 1590 1564 35

18 1575 25 1615 2
73 1575 77 1632 J
108 1577 360 1644 περιείληφε
389 1573 465 1625 τοὶς
490 1573 813 1629 Ἀγαθοκλέους
832 1573 1027 1629 πράξεις,
1059 1573 1142 1618 οὐκ
1165 1574 1220 1618 ἄν
1239 1591 1303 1626 τις
1326 1576 1504 1626 δικαίως

19 1646 26 1656 '
74 1644 75 1650 ¹
111 1630 385 1681 ἀποδέξαιτο.

113 1722 115 1725 .
212 1687 312 1730 Ὀτι
339 1686 414 1730 καὶ
442 1687 635 1737 Καλλίας
665 1684 688 1729 ὁ
719 1684 1029 1739 Συρακούσιος
1058 1687 1237 1737 δικαίως
1273 1703 1347 1730 και
1376 1703 1503 1741 προς-

6 1743 26 1787 ’ἶ
73 1763 75 1802 4
110 1742 309 1813 ἠκόντως
335 1744 597 1814 κατηγορίας
625 1740 842 1811 ἀξιωθείη.
875 1742 1146 1812 ἀναληφθεὶς
1165 1744 1249 1798 γὰρ
1279 1742 1358 1786 ὑπ’
1386 1742 1504 1798 Ἀγα-

2 1802 19 1843 '.'
72 1806 75 1851 ζ
110 1800 326 1850 θοκλέους
354 1801 428 1843 καὶ
458 1797 616 1853 δώρων
645 1798 844 1869 μεγάλων
872 1798 1149 1852 ἀποδόμενος
1175 1801 1255 1869 τὴν
1282 1805 1504 1871 προφῆτιν
1533 1804 1590 1848 40

27 1885 34 1893 ·
67 1867 74 1890 ἰ
109 1873 188 1925 της
228 1854 435 1925 ἀληθείας
477 1856 699 1909 ιστορίαν,
749 1854 831 1898 οὐκ
861 1854 1151 1900 ἀπολέλοιπεν
1182 1855 1342 1908 ἀδίκως
1372 1857 1504 1912 ἐγκω-

70 1916 75 1963 3²
111 1912 275 1983 μιάζων
312 1912 390 1955 τὸν
421 1910 704 1982 μισθοδότην.
752 1911 835 1956 οὐκ
871 1911 1030 1968 ὀλίγων
1067 1912 1153 1968 γὰρ
1194 1912 1311 1969 αὐτῷ
1342 1930 1506 1968 πεπρα-

109 1969 284 2040 γμένων
296 1968 425 2039 πρός
456 1967 653 2038 ἀσεβείας
680 1972 800 2012 θεων
827 1970 901 2012 καὶ
931 1971 1206 2025 παρανομίας
1237 1959 1504 2024 ἀνθρώπων,

111 2026 248 2095 φησὶν
285 2023 308 2069 ὁ
321 2024 629 2097 συγγραφευς
667 2024 806 2068 αὐτόν
840 2025 1040 2083 εὐσεβείᾳ
1077 2027 1150 2069 καὶ
1192 2030 1506 2096 φιλανθρωπία

71 2107 75 2117 -·
110 2081 226 2126 πολὺ
255 2081 360 2133 τοὺς
390 2082 551 2133 ἄλλους
576 2081 960 2151 ὑπερβεβληκέναι.
991 2083 1191 2127 καθόλου
1223 2085 1268 2127 δὲ
1297 2083 1500 2138 καθάπερ
1532 2090 1592 2135 45

72 2159 73 2190 3
108 2137 377 2195 Ἀγαθοκλῆς
414 2137 743 2207 ἀφαιρούμενος
778 2140 831 2182 τὰ
870 2157 959 2183 των
987 2145 1179 2183 πολιτων
1210 2140 1409 2195 ἐδωρεῖτο
1442 2146 1504 2198 τῷ

71 2202 73 2210 ’
112 2201 362 2265 συγγραφεῖ
383 2196 530 2265 μηδὲν
558 2195 835 2265 προςήκοντα
872 2213 994 2250 παρα
1031 2196 1082 2240 τὸ
1115 2199 1309 2249 δίκαιον,
1362 2197 1504 2248 ου’τως

72 2291 73 2301 ,
113 2250 137 2295 ὁ
168 2252 421 2319 θαυμαστὸς
462 2251 805 2307 ἱστοριογράφος
844 2253 1073 2324 ἐχαρίζετο
1097 2252 1171 2297 δια
1218 2259 1294 2307 τῆς
1330 2259 1505 2310 γραφῆς

72 2325 73 2355 3
112 2308 283 2351 ἅπαντα
310 2307 481 2378 τάγαθά
511 2313 573 2365 τῷ
603 2309 811 2366 δυνάστῃ.
840 2309 998 2381 ραδιον
1028 2308 1073 2353 δ’
1104 2312 1182 2366 ἠν,
1216 2309 1362 2365 οἶμαι,
1396 2312 1505 2366 πρὸς
1534 2317 1591 2360 50

72 2409 73 2413 ,
112 2365 291 2418 ἄμειψιν
319 2365 495 2421 χάριτος
522 2369 585 2421 τῷ
613 2371 776 2421 γραφεῖ
802 2383 889 2410 των
919 2368 1146 2423 ἐγκωμίων
1175 2368 1233 2425 μὴ
1263 2373 1503 2425 λειφθηναι

111 2425 187 2478 τῆς
216 2421 263 2464 ἐκ
290 2427 371 2466 τοῦ
403 2425 632 2479 βασιλικοῦ
661 2423 817 2478 γένους
851 2426 1135 2479 δωροδοκίας.

214 2488 314 2532 Ὀτι
347 2508 388 2534 οι
421 2488 696 2559 μισθοφόροι
727 2489 838 2534 κατὰ
875 2491 952 2544 τὰς
976 2492 1230 2562 ὁμολογίας
1259 2492 1505 2544 ἐκλιπόντες

112 2562 191 2596 τας
230 2546 522 2601 Συρακούσας
562 2546 916 2616 προςεδέχθησαν
959 2548 1049 2592 ὑπὸ
1091 2554 1180 2592 τῶν
1220 2552 1502 2606 Μεσσηνίων,
1535 2557 1592 2600 55

113 2619 174 2654 ως
203 2602 259 2646 ἂν
289 2606 413 2660 φίλοι
440 2605 513 2647 καὶ
545 2602 775 2660 σύμμαχοι.
814 2604 902 2649 ὑπὸ
942 2605 988 2650 δὲ
1025 2610 1115 2650 τῶν
1151 2611 1344 2650 πολιτων
1383 2611 1506 2663 φιλο-

205 2736 285 2775 561.
309 2739 366 2774 46.
393 2735 463 2773 ov’n
481 2736 737 2784 ἀπολέλοιπεν]
756 2738 803 2776 ου’
823 2741 1054 2780 διαλέλοιπεν
1072 2742 1197 2776 Suidas
1312 2741 1368 2776 44.
1394 2740 1506 2788 ὕπερ-

114 2785 345 2830 βεβληκέναι]
377 2783 667 2831 ὑπερβεβηκέναι
700 2786 827 2823 Suidas
986 2789 1044 2825 49.
1064 2785 1111 2824 τά
1137 2786 1265 2834 ἀμκθά
1286 2788 1415 2825 Suidas

114 2830 172 2866 50.
195 2836 332 2877 γραφεῖ
352 2832 498 2874 suidas,
523 2834 688 2879 γραφείω
712 2833 740 2866 V

1924 227 1926 240 „Y
1916 82 1933 203 ’.ιο-Γῇ
1920 43 1924 53 -
