1968 3346
384 202 468 242 132
533 195 834 239 EXCERPTA
860 195 1148 238 VATICANA
1174 195 1225 237 L
1249 194 1464 238 XXXVII.
1471 195 1624 238 —XL.

385 324 502 359 τινες
540 309 722 378 αἵματος
761 305 1029 370 ἀγοράζουσι
1057 310 1197 364 λῆρον
1211 305 1532 378 περιμάχητον.
1574 305 1687 363 πρὸς
1719 305 1775 351 ὃν

385 365 572 422 γελάσας
602 365 626 409 ὁ
658 362 896 417 ἅνθρωπος
934 370 1026 408 εἰπε
1055 363 1304 434 Γενομένης
1337 362 1444 421 ἡμῖν
1471 366 1547 419 τῆς
1574 365 1777 421 ἐπιβολῆς

389 423 628 479 χαρίσομαί
657 432 728 464 σοι
755 422 896 476 χιλίας
926 419 1133 477 δραχμάς.

502 503 617 544 VIII.
646 500 746 545 ’Ότι
766 501 872 552 τούς
893 499 1084 552 δούλους
1104 499 1177 544 διά
1197 516 1321 550 τινος
1342 499 1537 551 ἐπινοίας
1558 500 1605 543 οἵ
1623 500 1776 554 Αἰσερ-

359 562 506 608 5νῖται
529 561 652 627 λιμῷ
681 559 929 627 πιεζόμενοι
970 557 1017 601 ἐκ
1055 561 1132 612 τῆς
1161 556 1327 606 πόλεως
1363 556 1592 625 ἐξήγαγον
1632 555 1775 600 πάντα

387 613 473 670 γὰρ
514 611 542 682 ᾖ
579 619 657 668 τῆς
694 613 986 687 περιστάσεως
1025 613 1188 683 ἰδιότης
1226 611 1439 669 ἠνάγκαζε
1469 611 1675 669 πράττειν
1701 612 1777 656 καὶ

385 688 440 728 τῃ
469 675 562 714 τῶν
591 670 735 715 ἄλλων
778 670 973 742 ἀπωλείᾳ
1011 670 1091 727 τὴν
1133 673 1250 714 ἰδίαν
1289 675 1613 722 περιποιεῖσθαι
1642 680 1775 724 σωτη-

387 732 503 783 ρίαν.
542 744 585 770 οι
625 728 672 771 δὲ
713 728 877 772 οἰκέται
917 716 1039 797 δέινη
1077 728 1152 771 καὶ
1174 727 1523 796 παρηλλαγμένῃ
1566 728 1776 796 συμφορᾶ

386 782 694 838 περιπεσόντες
733 783 1092 856 αναχωρησαντες
1132 783 1214 840 τὴν
1259 788 1349 827 τῶν
1390 786 1616 827 δεσποτῶν
1662 769 1775 840 ὤμο-

332 853 495 898 1οτητα
522 857 576 896 τῃ
607 845 697 884 τῶν
725 843 945 897 πολεμίων
975 841 1180 899 ἐπιεικείᾳ
1212 839 1543 895 διωρθώσαντο.

488 907 589 952 Ότι
618 925 725 960 τους
753 908 892 960 κύνας
931 910 1005 952 καὶ
1038 907 1174 952 τιίλλα
1206 912 1296 977 ζῶα
1336 909 1379 950 οἱ
1409 910 1663 962 Αἰσερνῖται
1695 906 1776 950 ἐσι-

385 968 559 1008 τοῦντο.
602 965 745 1008 πάντα
785 966 870 1038 γὰρ
902 966 928 1022 ἡ
959 971 1036 1021 τῆς
1066 966 1242 1020 φύσεως
1272 963 1440 1033 ανάγκη
1454 980 1591 1034 παρα
1620 964 1669 1007 τὸ
1700 981 1775 1007 κα-

384 1025 531 1091 θῆκον
577 1028 721 1065 ποιεῖν
773 1023 989 1092 ἠνάγκαζε
1037 1022 1212 1078 βιαζομέ
1195 1039 1269 1077 νη
1319 1021 1400 1078 τήν
1440 1019 1777 1077 ἀπεγνωσμένην

385 1079 460 1122 καὶ
491 1076 696 1135 ἀσυνήθη
725 1080 900 1135 τροφὴν
929 1080 1269 1134 προςφὲρεσθαι.

333 1157 386 1198 15
491 1144 590 1189 “On
628 1165 673 1189 αι
711 1145 995 1200 ἀνθρώπιναι
1043 1147 1183 1215 ψυχαὶ
1219 1143 1445 1215 μετέχουσι
1483 1147 1608 1196 θείας
1654 1144 1777 1196 τινὸς

389 1201 564 1272 φύσεως
613 1203 749 1246 ἐνίοτε
791 1201 1312 1258 προκαταμαντευόμεναι
1358 1201 1412 1244 τὰ
1452 1203 1662 1256 μέλλοντα
1702 1202 1777 1245 καὶ

385 1258 498 1303 κατά
535 1275 658 1310 τινας
691 1260 884 1312 φυσικὰς
923 1261 1225 1309 εἰδωλοποιίας
1263 1262 1544 1312 προορῶνται
1583 1257 1633 1301 τὸ
1673 1269 1778 1312 συμ-

385 1314 644 1371 βησόμενον.
697 1315 803 1369 ὅπερ
849 1322 944 1367 ταῖς
993 1320 1082 1359 τῶν
1122 1319 1357 1370 Πιννητῶν
1399 1315 1572 1368 γυναιξὶ
1615 1315 1777 1370 συνέβη

386 1372 614 1428 γενέσθαι·
646 1372 1050 1428 προκατωδύροντο
1071 1373 1155 1428 γὰρ
1187 1388 1268 1428 την
1292 1372 1505 1427 ἐσομένην
1528 1371 1776 1427 συμφοράν.

328 1463 386 1504 20
503 1453 576 1493 IX.
615 1450 715 1494 Ὀτι
754 1456 844 1494 τῶν
871 1451 1124 1496 Ἰταλιωτῶν
1158 1468 1213 1494 τα
1251 1452 1380 1494 τέκνα
1421 1455 1511 1494 τῶν
1542 1454 1778 1523 Πινυητῶν

385 1523 529 1551 παντα
559 1508 645 1562 πρὸ
665 1513 755 1551 τῶν
784 1513 938 1564 τειχῶν
967 1526 1044 1577 της
1073 1507 1240 1579 πόλεως
1270 1506 1526 1579 ἀγαγόντων
1555 1508 1630 1551 καὶ
1660 1507 1778 1551 απει-

386 1563 586 1608 λούντων
627 1569 764 1608 ταῦτα
802 1565 1146 1620 κατασφάττειν,
1188 1565 1266 1608 ἐαν
1304 1566 1362 1621 μή
1407 1563 1658 1608 αποστῶσιν
1690 1563 1775 1608 απὸ

381 1619 648 1675 Ῥώμης,οῐ
669 1626 892 1691 Πιννῆται
917 1623 1279 1691 ἐγκαρτεροῦντες
1308 1628 1400 1672 τοῖς
1424 1624 1584 1671 δεινοῖς
1606 1623 1842 1665 ε’δωκαν121

388 1677 626 1730 ἀπόκρισιν
664 1677 733 1721 ὅτι
770 1680 935 1722 τέκνων
973 1678 1251 1749 στερηθέντες
1290 1678 1412 1732 ε’τερα
1452 1680 1615 1735 ραδίως
1652 1678 1778 1734 ποιή
1961 1677 1968 1710 ¹

331 1743 566 1786 25σουσιν,
608 1733 685 1777 ἐὰν
712 1734 955 1816 τηρήσουσι
983 1735 1064 1791 τήν
1102 1735 1215 1789 πρὸς
1238 1734 1479 1792 Ρωμαίους
1518 1738 1776 1791 συμμαχίαν.

490 1801 592 1845 Ὀτι
622 1803 665 1844 οἱ
697 1801 824 1845 αὐτοὶ
842 1801 1078 1846 Ἰταλιῶται
1108 1802 1375 1887 απογνὸντες
1399 1803 1485 1873 τήν
1513 1804 1560 1847 ἐκ
1587 1807 1673 1873 τῆς
1689 1819 1778 1847 πει-

387 1861 502 1928 θοῦς
532 1857 742 1901 σύλλυσιν
782 1859 1080 1903 ἐπετελέσαντο
1119 1862 1280 1914 πρᾶξιν
1314 1859 1504 1918 ὠμότητι
1544 1859 1778 1917 διαφέρου-

527 1950 606 1983 132.
630 1949 687 1982 23.
721 1947 770 1991 οἱ]
798 1950 924 1995 incipit
948 1953 1080 1985 codicis
1104 1966 1138 1997 p.
1163 1950 1242 1986 241.

528 1996 608 2030 132.
633 1996 691 2029 27.
723 1994 904 2041 σύλλυσιν]
938 1996 1091 2042 σύλησιν
1114 2000 1170 2032 ed.
1196 2001 1298 2032 Rom.

481 2083 621 2118 1321.
665 2085 778 2129 λῆρον
808 2084 1074 2141 περιμάχητον]
1109 2088 1203 2122 Hinc
1235 2101 1311 2121 rurs
1314 2099 1354 2121 us
1388 2087 1564 2121 evidenter
1595 2088 1777 2132 cognosci-

390 2140 469 2164 mus
491 2130 730 2164 narrationem
763 2132 854 2166 hanc
886 2133 1057 2175 pertinere
1087 2135 1131 2168 ad
1163 2135 1247 2167 belli
1271 2134 1411 2167 marsici
1435 2145 1496 2167 seu
1519 2133 1658 2166 socialis
1680 2138 1777 2167 aeta-

389 2179 479 2209 tem:
504 2187 586 2209 nam
609 2177 695 2210 socii
719 2177 829 2210 italici
853 2190 917 2221 pro
937 2179 1157 2222 impetranda
1174 2180 1318 2213 civitate
1334 2190 1479 2213 romana
1497 2178 1778 2213 cruentissimum

389 2222 520 2255 bellum
544 2227 625 2255 tunc
647 2224 825 2267 gerebant.
860 2225 958 2257 MAI.

389 2313 435 2347 D·
462 2267 564 2346 (1132.
588 2267 621 2300 2.
660 2265 875 2313 ἄνθρωπος]
919 2271 1019 2303 Haec
1050 2281 1118 2304 vox
1149 2276 1201 2305 est
1233 2271 1438 2315 eclogarum
1468 2270 1671 2314 scriptoris,
1707 2281 1777 2305 non

425 2324 459 2347 10
486 2325 537 2346 οιί

486 2359 564 2392 132.
590 2357 624 2393 4.
665 2359 786 2393 Ῐιίνίιιε
810 2360 890 2403 ορίῐ.
912 2361 1062 2395 LXXII:
1092 2362 1260 2395 Aesernia
1282 2367 1316 2395 et
1341 2363 1429 2396 Alba
1451 2363 1605 2396 coloniae
1629 2363 1674 2395 ab
1700 2363 1777 2396 Ita-

391 2405 465 2438 licis
496 2406 652 2439 obsessae
684 2411 773 2439 sunt.
823 2408 868 2439 Et
899 2408 1039 2450 quidem
1062 2408 1264 2442 Aeserniam
1295 2409 1390 2441 fame
1420 2409 1579 2442 adactam
1612 2411 1778 2452 ceperunt

389 2451 515 2484 Italici.
563 2452 650 2494 App.
684 2453 764 2486 bess.
799 2451 868 2485 civ.
901 2453 928 2485 Ι.
959 2453 1016 2486 -ll,
1074 2454 1149 2487 Liv.
1182 2454 1264 2497 epit.
1296 2455 1455 2489 LXXIII.
1511 2456 1637 2488 Confer
1668 2454 1776 2488 etiam

390 2496 543 2530 Nonium
560 2507 636 2530 voc.
657 2498 811 2531 adesum.
858 2497 928 2531 Nos
931 2503 983 2531 ter
1005 2511 1142 2543 quoque
1157 2500 1331 2533 Diodorus
1354 2500 1390 2533 in
1414 2501 1545 2544 eclogis
1568 2500 1667 2534 editis
1691 2500 1776 2533 libri

391 2542 528 2575 XXXV
531 2542 574 2576 11.
599 2554 633 2586 p.
657 2542 746 2584 539,
779 2555 821 2577 eo
845 2548 938 2577 trans
942 2545 1050 2578 latam
1075 2547 1124 2580 ait
1146 2546 1233 2580 belli
1256 2546 1461 2590 imperiique
1484 2546 1624 2580 socialis
1646 2546 1776 2588 sedem,

391 2593 472 2631 post
495 2589 599 2621 amis
585 2600 659 2621 sam
682 2590 805 2622 urbem
831 2590 1034 2625 CorfinIum.
1070 2592 1167 2625 MAI.

484 2634 642 2667 132.17.
678 2635 780 2668 Hanc
800 2636 976 2670 ethnicam
994 2637 1192 2681 opinionem
1207 2648 1308 2672 suam
1330 2637 1450 2672 scribit
1473 2637 1648 2672 Diodorus
1671 2637 1778 2672 etiam

390 2677 482 2713 lnbro
503 2679 634 2714 XVIII.
659 2681 692 2713 1.
726 2681 824 2715 MAI.

484 2725 564 2758 132.
589 2725 646 2759 25
686 2726 801 2760 Minas
833 2725 868 2759 in
902 2737 977 2760 rem
1000 2728 1108 2762 fuisse
1130 2730 1298 2771 collatas,
1333 2740 1526 2773 puerosque
1551 2728 1775 2763 Pmnensium

390 2770 602 2850 ἓίιιτίᾱῗὲᾏεῐ,
636 2773 720 2807 satis
753 2772 896 2807 innuere
929 2773 1068 2810 videtur
1092 2776 1267 2810 Diodorus
1297 2774 1334 2809 in
1365 2775 1572 2820 fragmentis
1604 2774 1707 2809 editis
1737 2787 1774 2819 p.

439 2836 460 2850 a
502 2831 514 2849 I
