1968 3346
67 2087 75 2310 J

484 187 787 230 EXCERPTA
816 186 1009 229 PHOTII
1040 186 1088 228 L.
1117 186 1312 230 XXXIV.
1537 190 1596 234 55

199 297 577 368 σωματοφύλακας
613 297 745 348 ὄντας
780 298 974 366 χιλίους
983 297 1150 369 ἔφυγεν
1180 295 1412 370 ἀνάνδρως
1441 299 1502 350 εις
1530 316 1588 343 τι-
1618 304 1674 348 55

141 385 145 389 -
196 373 278 408 νας
311 355 657 428 παρακρήμνους
693 353 869 406 τόπους.
902 351 993 404 ἀλλ’
1025 355 1070 398 οἱ
1096 353 1176 407 μὲν
1204 354 1289 398 σύν
1319 354 1454 426 αὐτῷ
1475 355 1590 411 α’φυ-

195 429 303 456 κτον
339 412 388 456 τὸ
429 415 543 483 περὶ
565 411 728 462 αὐτοὺς
766 409 880 455 δειν
849 427 912 480 qv
954 408 1248 480 ἐπιστάμενοι,
1286 411 1370 470 ἤδη
1388 429 1484 483 γαρ
1513 414 1591 456 καὶ

145 506 157 510 -
195 467 219 513 ὁ
262 468 499 525 στρατηγὸς
531 467 780 518 Ρουπίλιος
823 464 886 511 ἐπ’
924 465 1087 517 αὐτοὺς
1125 465 1340 535 ἤλαυνεν,
1373 467 1589 539 αλλήλους

195 531 289 577 τοῖς
319 527 489 581 ξίφεσιν
518 525 709 580 ἔσφαζον
737 523 1121 593 ἀπαυχενίσαντες’
1150 522 1173 567 ὁ
1205 523 1251 567 δὲ
1279 528 1476 579 τερατίας
1497 525 1587 569 Εὔ·

193 598 303 634 νους
341 583 416 626 καὶ
455 581 660 638 βασιλεὺς
688 580 958 648 καταφυγών
988 579 1061 623 διὰ
1100 581 1265 623 δειλίαν
1301 581 1349 624 έν
1378 595 1465 625 τισι
1494 599 1583 626 uoc-
1610 588 1668 630 60

192 638 342 691 λασιν,
383 639 636 693 ἐξειλκύσθη
683 637 774 694 α’μα
811 653 1051 708 τετταρων,
1096 638 1311 692 μαγείρου
1344 639 1418 681 καὶ
1456 655 1584 693 αρτο-

193 699 327 739 ποιοῦ
354 695 428 738 καὶ
456 699 538 738 τοῦ
563 697 792 764 τρίβοντος
820 690 961 737 αὐτὸν
987 693 1035 736 ἐν
1056 696 1118 751 τῷ
1146 698 1319 752 λουτρῷ
1336 695 1409 738 καὶ
1437 694 1584 749 τετάρ-

193 768 275 795 του
305 755 386 795 τοῦ
414 765 536 806 παρα
563 751 667 802 τούς
694 750 857 802 πότους
885 738 1099 801 εἰωθότος
1119 756 1396 820 ψυχαγωγεῖν
1428 750 1581 795 αὐτόν.

192 808 267 852 καὶ
305 808 577 863 παραδοθεὶς
612 811 672 859 εἰς
710 806 936 864 φυλακήν,
981 807 1056 850 καὶ
1093 810 1173 850 τοῦ
1213 806 1412 863 σώματος
1443 807 1580 852 αὐτοῦ
1609 812 1666 855 65

191 865 478 915 διαλυθέντος
521 867 582 916 εἰς
613 869 815 919 φθειρῶν
852 868 1056 935 πλῆθος,
1078 864 1246 915 οἰκείως
1274 868 1350 920 τῆς
1378 865 1477 918 περὶ
1508 863 1586 908 αὐ-

189 920 270 964 τόν
299 922 586 992 ῥᾳδιουργίας
612 922 872 976 κατέστρεψε
901 919 982 966 τὸν
1011 920 1148 975 βίου’
1135 937 1181 964 εν
1208 924 1262 979 τῇ
1280 923 1587 990 Μοργαντίνῃ.

190 979 400 1022 ἐντεῦθεν
433 976 678 1030 Ῥουπίλιος
713 978 951 1048 ἐπιτρέχων
989 977 1098 1047 ὅλην
1137 979 1218 1033 τήν
1259 979 1466 1021 Σικελίαν
1490 976 1588 1048 ἅμα

190 1034 373 1089 λογάσιν
411 1032 575 1090 ὀλίγοις
616 1040 784 1079 θᾶττον
822 1032 933 1092 ἤπερ
975 1051 1041 1085 τις
1068 1032 1222 1091 ἤλπισε
1250 1049 1338 1078 παπ
1342 1050 1415 1086 τος
1444 1032 1587 1091 αὐτὴν

188 1090 465 1164 ἠλευθέρωσε
492 1094 743 1148 λῃστηρίου.
1614 1098 1672 1139 70

291 1148 390 1192 ’Ὅτι
419 1145 442 1192 ὁ
472 1164 563 1192 των
591 1149 850 1193 ἀποστατῶν
877 1147 1082 1220 βασιλευς
1110 1147 1290 1200 Εὔνους
1323 1147 1483 1192 ἑαυτὸν
1512 1147 1592 1203 μὲν

184 1203 433 1275 Ἀντίοχον,
467 1206 652 1264 Σύρους
689 1207 738 1253 δὲ
772 1210 864 1251 τῶν
901 1204 1161 1255 ἀποστατῶν
1194 1205 1245 1250 τὸ
1283 1210 1454 1263 πλῆθος
1481 1204 1590 1250 ἐπω-

188 1261 398 1319 νόμασεν.

188 1375 247 1411 54.
265 1378 407 1420 χιλίους
429 1378 512 1422 ΑΒ,
548 1376 678 1412 caeteri
699 1375 920 1421 ἑξακοσίους
1080 1375 1232 1423 εφυγεν]
1266 1374 1430 1458 ἔφευγεν8
1439 1376 1471 1412 Α

188 1423 246 1458 57.
278 1423 494 1483 Ῥουπίλιος]
521 1421 696 1464 Ῥοτίλιος
718 1426 852 1468 Amst„¹
883 1423 1013 1459 caeteri
1041 1420 1239 1465 Ρουτίλιος
1409 1421 1584 1467 &fama-

189 1471 266 1515 ζον]
289 1469 456 1514 ε’φθαζου
474 1472 585 1505 Amst.
608 1475 642 1505 et
660 1484 716 1515 γρ.
734 1473 765 1505 Β
905 1467 1212 1515 απαυχενίσαντες
1232 1424 1434 1512 Bekkeru58,
1459 1469 1582 1505 α’παυ-

187 1519 386 1561 χενίζοντες
408 1518 492 1551 Rei
481 1518 590 1551 kius·
614 1518 700 1551 libri
723 1515 1042 1573 ἅπαυχενίσαντας
1178 1518 1237 1554 62.
1260 1518 1419 1567 λουτρῷ]
1442 1515 1580 1565 λοετρῷ

188 1563 221 1598 Β
359 1564 418 1600 67.
441 1561 660 1609 Ῥουπίλιος]
685 1564 770 1600 libri
790 1561 991 1605 Ῥουτίλιος
