1968 3346
231 164 532 208 EXCERPTA
561 163 635 205 DE
665 162 819 206 VIRT.
848 163 927 204 ΕΤ
957 162 1069 206 VIT.
1098 164 1144 206 L.
1173 164 1366 209 XXXIII.
1423 166 1508 207 188

110 281 272 327 είκειαν
312 275 421 320 ἀλλὰ
460 291 734 345 τυραννικήν
775 275 1060 329 παρανομίαν
1096 275 1320 330 ἐζηλωκώς
1355 274 1506 346 οἷνηκέ

40 344 233 386 593στοις
270 339 422 384 κακοῖς
458 333 564 383 τούς
592 331 974 401 ὑποταττομένους
1012 332 1356 388 περιεβεβλήκει·
1401 332 1504 384 &svs

112 393 342 448 συνέβαινε
371 389 475 440 τοὺς
504 389 584 445 μὲν
614 389 700 431 απὸ
731 387 893 456 ταύτης
919 391 994 442 τῆς
1023 390 1165 438 οἰκίας
1205 393 1396 458 βασιλεῖς
1427 389 1501 433 δια
1534 398 1616 439 100

109 449 192 503 τὴν
222 449 505 516 παρανομίαν
534 450 780 500 μισεῖσθαι,
818 443 922 496 τοὺς
951 444 998 487 δὲ
1028 443 1114 487 ἀπὸ
1127 449 1219 515 τῆς
1249 445 1397 500 ἑτέρας
1427 445 1502 491 δια

109 506 191 562 τὴν
218 506 450 548 ἐπιείκειαν
479 500 746 557 αγαπᾶσθαι.
783 501 852 545 διό
883 501 958 544 καὶ
991 499 1090 555 παρ’
1123 501 1308 545 ἕκαστον
1337 501 1502 572 ἀγῶνες

110 564 186 607 καὶ
213 562 397 616 πόλεμοι
425 563 614 626 συνεχεῖς
642 558 840 614 ἐγίνοντο
871 557 982 602 κατὰ
1007 559 1207 609 Συρίαν,
1241 557 1502 614 ἐφεδρευόν-

109 635 200 663 των
238 617 443 672 αλληλοις
486 620 576 658 τῶν
615 617 846 659 δυναστῶν
891 621 981 657 τῶν
1018 613 1100 684 αφ’
1131 614 1315 685 εκάστης
1346 618 1499 667 οἰκίας.

109 676 186 720 καὶ
214 691 298 730 γαρ
327 691 380 717 τα
408 673 556 743 πλήθη
581 672 654 715 διὰ
683 672 781 741 τὴν
791 675 880 715 τῶν
909 670 1154 715 κατιόντων
1185 669 1252 716 αεὶ
1280 673 1499 729 βασιλέων
1529 681 1556 724 5

112 731 342 803 ἀρέσκειαν
372 727 560 780 εὐθέτως
585 727 668 784 εἶχε
697 727 807 783 πρὸς
835 726 910 779 τὰς
938 728 1192 798 μεταβολας.

211 787 311 830 ΓΌτι
341 788 384 830 οἰ
408 784 606 840 Ἀράδιοι
633 791 730 836 ταῖς
758 789 918 841 ψυχαῖς
946 783 1240 855 ἀνηρτημένοι
1269 785 1376 837 τούς
1402 801 1501 841 πρε-

110 843 293 913 σβευτὰς
320 842 548 899 ἠτίμασαν.
577 843 887 898 ἐπιβοωμένων
917 841 963 885 δὲ
991 847 1081 884 τῶν
1111 841 1395 897 ἀτυχούντων
1422 843 1503 899 τὴν

109 901 234 956 ἱερὰν
262 904 354 944 τῶν
392 902 547 943 ἱκετῶν
585 900 715 955 τιμήν
754 900 830 943 καὶ
866 897 949 954 τήν
989 898 1142 942 ἄδειαν
1177 904 1255 969 τῆς
1283 904 1373 942 τῶν
1401 915 1501 953 πρε·
1531 910 1585 950 10

111 962 309 1029 σβευτων
344 955 549 1008 ἀσυλίας,
598 956 949 1010 παροξυνθέντες
988 957 1032 999 οἱ
1046 955 1381 1026 τολμηρότατοι
1409 973 1499 999 των

109 1016 225 1059 νέων
255 1013 536 1083 ἐξεκέντησαν
565 1014 668 1064 τοὺς
691 1013 844 1064 ἱκέτας.
880 1014 924 1056 οἵ
953 1012 999 1056 δὲ
1029 1011 1212 1057 ανόσιον
1242 1013 1388 1069 φόνον
1418 1013 1505 1056 ἐπι-

110 1071 387 1126 τελεσαμενοι
416 1070 693 1141 συνέδραμον
722 1069 793 1113 ἐπὶ
819 1069 900 1126 τήν
930 1069 1175 1125 ἐκκλησίαν,
1206 1071 1279 1113 καὶ
1297 1074 1386 1121 τοῖς
1405 1070 1506 1114 ἑαυ-

111 1145 203 1172 των
246 1127 588 1184 παρανομήμασι
639 1131 1171 1197 συνεπιχειρονομοῦντες
1211 1125 1348 1183 ἄλλην
1393 1127 1506 1171 κατὰ

111 1189 202 1229 τῶν
232 1189 529 1240 Μαραθηνων
558 1184 796 1240 ἐπιβουλήν
825 1182 959 1253 ἆσεβη
990 1183 1320 1239 συνεστήσαντο
1351 1199 1504 1239 περιέ-
1535 1194 1588 1237 15

111 1241 290 1311 λόμενοι
326 1258 412 1297 ’γαρ
450 1246 540 1284 τῶν
577 1242 837 1296 σφαγέντων
872 1241 979 1291 τούς
1018 1243 1279 1292 δακτυλίους
1308 1240 1504 1296 ε’πεμψαν

113 1316 172 1350 ως
210 1298 330 1352 παρὰ
369 1302 459 1341 τῶν
496 1302 777 1370 πρεσβευτῶν
819 1297 1051 1366 ἐπιστολην
1089 1299 1201 1351 πρὸς
1246 1297 1325 1341 τὸν
1365 1300 1508 1366 δῆμον

111 1361 203 1400 τῶν
242 1359 555 1425 Μαραθηνῶν,
603 1357 650 1399 ἐν
688 1356 714 1412 ᾑ
756 1353 956 1424 ἐδηλουν
990 1353 1356 1424 ἐπαγγελλόμενοι
1400 1371 1509 1405 τους

108 1412 341 1465 Ἀραδίους
381 1413 550 1468 πέμψαι
589 1411 854 1465 στρατιώτας
882 1411 987 1462 τοὺς
1017 1411 1348 1481 βοηθήσοντας,
1388 1410 1509 1462 ὅπως

112 1469 443 1514 πιστευσάντων
472 1486 562 1512 των
590 1472 890 1524 Μαραθηνων
922 1468 981 1519 ὠς
1008 1469 1128 1522 πρὸς
1151 1467 1364 1526 ἀλήθειαν
1378 1469 1505 1539 ἔχειν
1535 1480 1590 1521 20

113 1524 370 1583 συμμάχους
397 1524 811 1596 ἀποστελλομένους,
840 1527 1172 1595 προςδεχθῶσιν
1211 1528 1254 1570 οἱ
1281 1523 1388 1580 παρ’
1421 1523 1506 1568 0:6-

112 1588 204 1627 τῶν
234 1586 507 1636 στρατιῶται.
539 1581 594 1625 06
623 1599 710 1638 μην
739 1581 1039 1652 ἠδυνήθησαν
1049 1599 1095 1637 γε
1117 1599 1196 1638 την
1225 1581 1395 1638 ἄνομον
1416 1582 1510 1625 ἐπι-

116 1639 257 1697 βολήν
287 1642 347 1690 είς
376 1639 511 1693 πέρας
548 1637 747 1694 αγαγεῖν,
786 1637 953 1693 ἀνδρὸς
991 1638 1200 1708 εὐσεβοῦς
1229 1640 1304 1682 καὶ
1334 1640 1511 1682 δικαίου

116 1697 461 1764 κατελεήσαντος
495 1696 575 1750 τὴν
615 1695 750 1751 τύχην
791 1713 880 1738 των
909 1695 1159 1766 μελλόντων
1190 1695 1371 1752 πασχειν
1400 1693 1513 1750 ανή-

116 1766 259 1798 κεστα
289 1756 379 1796 τῶν
406 1769 493 1808 γαρ
526 1752 742 1806 Ἀραδίων
770 1768 915 1796 παντα
943 1769 996 1795 τα
1023 1757 1155 1795 πλοῖα
1184 1752 1508 1822 παρελομένων,
1540 1757 1596 1802 25

117 1810 237 1861 ὅπως
265 1811 414 1880 μηδεὶς
443 1811 619 1865 δυνηθῆ
649 1812 843 1865 δηλωσαι
871 1814 964 1861 τοῖς
990 1809 1404 1880 ἐπιβουλευομένοις
1429 1808 1511 1864 τήν

116 1865 216 1912 κατ’
251 1865 399 1910 αὐτῶν
441 1868 714 1919 σκευωρίαν,
767 1866 1099 1922 θαλαττουργός
1143 1884 1210 1919 τις
1249 1866 1361 1921 πρὸς
1406 1866 1512 1918 τοὺς

117 1922 431 1979 Μαραθηνούς
468 1924 639 1974 οἰκείως
672 1925 972 1994 διακείμενος,
1013 1924 1087 1967 καὶ
1113 1922 1194 1968 τὸν
1223 1923 1404 1968 αὐλῶνα
1431 1922 1513 1967 τὸν

115 1981 219 2035 περὶ
257 1981 452 2031 ἐκείνους
489 1979 595 2031 τοὺς
633 1977 798 2031 τόπους
836 1978 1146 2049 ἐργαζόμενος,
1200 1981 1513 2052 παρῃρημένης
1540 1988 1597 2030 30

119 2037 260 2083 αὐτοῦ
298 2042 374 2093 τῆς
413 2037 593 2088 ἁλιάδος
640 2036 892 2108 διενήξατο
907 2036 1068 2088 νυκτὸς
1107 2037 1186 2082 τὸν
1225 2039 1394 2094 πόρον,
1438 2038 1513 2081 καὶ

118 2094 384 2150 παραβόλως
425 2093 602 2164 διήνυσε
641 2093 745 2145 τοὺς
782 2092 897 2165 6κῖτώ
937 2096 1167 2147 σταδίρυς,
1210 2096 1285 2140 καὶ
1325 2094 1516 2167 ἐδήλωσε

119 2157 212 2203 τοῖς
232 2155 529 2220 Μαραθηνοῖς
557 2150 636 2206 τὴν
664 2151 755 2195 κατ’
787 2151 936 2195 αὐτων
963 2151 1217 2223 ἐπιβουλήν.
1251 2170 1294 2197 οι
1323 2152 1370 2196 δὲ
1395 2150 1519 2204 Ἀρά-

121 2211 213 2253 διοι
240 2209 423 2280 γνόντες
448 2208 521 2251 δια
551 2224 641 2251 των
661 2208 952 2252 κατασκόπων
973 2208 1279 2280 μεμηνυμένην
1296 2226 1376 2266 την
1400 2211 1519 2253 ἰδίαν

121 2264 353 2338 ἐπιβολήν,
395 2263 644 2323 ἀπέστησαν
682 2270 760 2323 τῆς
794 2264 871 2310 δια
912 2270 1002 2310 τῶν
1044 2265 1289 2312 ἐπιστολῶν
1327 2282 1518 2322 κακονρ-
1546 2269 1603 2313 35

121 2324 239 2395 φίας.

225 2378 326 2422 Ὀτι
356 2377 380 2422 ὁ
411 2382 685 2432 Πτολεμαῖος
715 2375 739 2423 ὁ
768 2382 853 2423 τοῦ
891 2382 1171 2450 Πτολεμαίου
1200 2384 1286 2425 τοῦ
1328 2377 1521 2449 Φιλομή-

123 2453 257 2490 τορος
288 2434 478 2490 ἀδελφὸς
499 2436 777 2506 βασιλεύσας
806 2437 848 2487 ἐξ
878 2435 1173 2494 ανομημάτων
1200 2438 1368 2508 ἤρξατο
1394 2437 1519 2493 μεγά-

124 2499 216 2539 λων
247 2495 430 2537 διοικεῖν
457 2491 510 2536 τοὶ
541 2510 652 2537 κατα
690 2494 771 2548 τὴν
809 2496 1049 2548 βασιλείαν.
1093 2496 1287 2547 πολλοὺς
1323 2512 1404 2552 μεν
1436 2495 1520 2565 γὰρ

123 2550 335 2604 ψευδέσιν
377 2551 532 2601 αἰτίαις
551 2550 850 2621 περιβάλλων
891 2569 951 2602 ως
991 2552 1360 2609 ἐπιβουλεύοντας
1401 2551 1520 2607 αὐτῷ
1551 2555 1606 2599 40

126 2609 258 2679 ω’μῶς
285 2624 359 2651 και
387 2607 655 2663 παρανόμως
684 2606 855 2664 ἀνήρει
889 2607 1051 2661 ἄλλους
1082 2610 1128 2653 δὲ
1158 2612 1380 2660 ποικίλαις
1408 2625 1523 2662 προ-

126 2664 289 2723 φάσεσι
313 2669 613 2721 συκοφαντῶν
648 2663 708 2716 ὦς
744 2665 1012 2719 ἀδικοῦντας
1043 2666 1311 2724 ἐφυγάδευε,
1347 2666 1422 2711 καὶ
1449 2681 1527 2716 τας

176 2828 178 2831 ,
222 2789 304 2827 593.
330 2791 387 2828 14.
412 2788 639 2837 ἐπιβουλὴν]
665 2789 842 2838 ἐπιβολήν
866 2795 894 2828 V
