1968 3346
336 174 419 213 102}
475 168 773 211 EXCERPTA
802 168 874 209 DE
903 167 1057 212 VIRT.
1079 168 1154 211 ΕΤ
1175 167 1287 211 VlT.
1316 169 1362 209 L.
1382 168 1728 212 XXV1.—XXX.

337 282 447 326 ἔνθα
487 279 541 337 δή
582 280 761 331 δικαίως
790 280 847 324 ἄν
875 297 939 332 τις
975 283 1058 325 τοῦ
1090 281 1169 351 μὲν
1199 280 1408 331 Φοίνικος
1440 280 1620 351 ἐμίσησε
1648 282 1730 338 τήν

339 337 561 409 ῶμότητα,
602 340 692 380 τῶν
722 337 768 381 δὲ
792 337 1031 391 Ῥωμαίων
1038 337 1268 407 ἐθαύμασε
1293 335 1373 392 τὴν
1403 335 1627 392 εὐσέβειαν
1656 339 1730 382 καὶ

337 395 419 450 τὴν
450 394 498 438 ἐν
530 398 621 444 τοῖς
659 395 817 444 δεινοῖς
848 393 1082 449 ὑπομονήν
1120 410 1166 437 τε
1192 394 1267 436 καὶ
1298 394 1546 465 καρτερίαν.
1588 394 1730 449 πυρὸς

256 455 310 497 85
338 451 425 522 γὰρ
457 449 606 501 αὐτοῖς
641 451 990 520 προςαγομένου
1014 450 1088 494 καὶ
1125 449 1318 504 κέντρων
1354 450 1413 493 ἑτι
1453 450 1499 493 δὲ
1522 456 1730 518 χαλεπω-

338 508 482 552 τάτων
518 511 697 562 πληγῶν
727 506 871 559 οὐδεὶς
898 506 1125 563 ’ὑπήκουσε
1153 510 1455 561 προςενεγκεῖν
1481 505 1557 556 τας
1585 512 1730 562 χεῖρας

338 570 432 614 τοῖς
471 561 853 634 ἀναγκαιοτάτοις·
902 564 1061 614 πάντες
1097 580 1179 632 γαρ
1223 562 1378 632 εὐγενῆ
1415 563 1731 618 παραστήματος

338 618 549 690 λαβόντες
576 619 905 664 ἐναπέπνευσαν
926 626 1021 671 ταῖς
1043 617 1274 675 ἀνάγκαις,
1306 617 1518 670 άθίκτους
1547 619 1733 672 ἑαυτοὺς

339 675 606 749 τηρήσαντες
635 681 712 733 τῆς
739 676 851 733 πρὸς
880 675 1095 732 ἀλλήλους
1124 677 1394 732 μιαιφονίας.

256 739 312 780 90
443 734 542 777 “’Ὀτι
570 733 769 784 Γέλωνος
807 733 882 777 καὶ
914 733 1110 787 Ἱέρωνος
1144 737 1233 776 τῶν
1272 732 1486 787 βασιλέων
1514 749 1625 776 κατα
1654 732 1734 788 τὴν

341 792 552 835 Σικελίαν
557 790 980 860 τετελευτηκότων’
964 807 1011 833 εν
1028 787 1368 858 Συρακούσαις,
1395 788 1656 860 Ἱερωνύμου
1688 791 1735 834 δὲ

341 847 424 904 τήν
461 846 613 917 ἀρχὴν
641 847 978 917 διαδεδεγμένον
1015 847 1090 890 καὶ
1123 845 1204 901 τὴν
1242 843 1419 901 ἡλικίαν
1456 844 1584 897 ὄντος
1623 845 1736 890 ἀντί-

342 907 518 956 παιδος,
556 920 642 947 ουκ
682 909 793 973 εἶχεν
822 903 850 959 ἡ
879 905 1079 972 βασιλεία
1114 902 1194 946 τόν
1217 901 1605 972 προστησόμενον
1621 902 1737 956 άξιό-

258 964 313 1007 95
343 978 486 1030 χρεον.
527 959 595 1008 διὸ
625 961 699 1005 καὶ
728 959 777 1004 τὸ
807 959 1034 1030 μειράκιον
1059 964 1154 1010 ταῖς
1174 961 1263 1027 τῶν
1293 958 1495 1002 κολάκων
1523 958 1635 1012 πρὸς
1664 960 1736 1015 χά-

344 1035 416 1073 ριν
445 1017 632 1087 ὁμιλίαις
669 1017 874 1087 ἐξετράπη
914 1016 1029 1072 πρός
1065 1014 1240 1084 τρυφήν
1278 1016 1352 1062 καὶ
1391 1014 1632 1058 ἀκολασίαν
1662 1018 1804 1066 καὶ569

343 1073 613 1144 τυραννικὴν
652 1072 867 1130 ῶμότητα.
913 1074 1146 1117 ἐπετελεῖτο
1182 1089 1266 1127 γαρ
1311 1076 1537 1142 γυναικῶν
1569 1072 1736 1129 ὕβρεις,

342 1133 418 1177 καὶ
447 1148 554 1182 τους
576 1131 804 1202 παρρησία
827 1131 1086 1201 χρωμένους
1113 1132 1203 1173 τῶν
1226 1131 1368 1184 φίλων
1389 1127 1631 1183 άπέκτεινε,
1664 1131 1738 1174 καὶ

343 1192 520 1232 πολλῶν
561 1186 747 1242 ακρίτως
783 1186 938 1239 ουσίας
977 1186 1185 1257 ἐδήμευσε
1220 1186 1295 1229 καὶ
1331 1190 1423 1237 τοῖς
1459 1185 1570 1240 πρὸς
1609 1185 1739 1241 χάριν

236 1253 317 1294 100
348 1243 582 1315 ὁμιλοῦσιν
613 1244 831 1297 εδωρεῖτο.
869 1244 918 1287 τὸ
948 1260 1028 1299 μεν
1059 1245 1141 1287 οὐν
1168 1246 1344 1297 πρῶτον
1374 1242 1664 1297 ἐπηκολούθει
1692 1243 1739 1287 ἐκ

346 1305 437 1346 τῶν
466 1300 608 1371 ὄχλων
638 1306 789 1356 μῖσος,
829 1317 920 1344 ειτα
949 1317 1024 1343 και
1053 1300 1282 1356 ἐπιβουλία
1322 1300 1396 1342 καὶ
1426 1298 1451 1342 ὁ
1481 1304 1573 1351 τοῖς
1601 1316 1741 1357 πονη-

347 1364 465 1429 ροῖς
473 1357 710 1408 δυνάσταις
739 1356 906 1407 εἰωθῶς
936 1357 1256 1400 επακολουθεῖν
1286 1354 1486 1410 όλεθρος.

453 1413 553 1458 Ότι
590 1430 696 1470 μετα
725 1430 806 1469 την
830 1413 1097 1466 Ιερωυύμου
1125 1412 1338 1481 τελευτὴν
1360 1415 1405 1455 οἱ
1431 1411 1741 1468 Συρακούσιοι

293 1479 319 1522 5
350 1472 554 1522 ἐλθόντες
591 1473 652 1521 εἰς
690 1471 920 1525 ἐκκλησίαν
959 1471 1231 1525 εψηφίσαντο
1262 1468 1368 1518 τούς
1406 1475 1630 1525 συγγενεῖς
1658 1473 1740 1541 τοῦ

350 1528 575 1599 τυράννου
615 1526 823 1577 κολάσαι,
865 1526 938 1568 καὶ
976 1526 1053 1576 τὰς
1089 1530 1301 1579 γυναῖκας
1339 1525 1502 1579 ὁμοίως
1538 1531 1628 1577 τοῖς
1666 1526 1741 1569 άν

351 1586 509 1641 δράσιν
549 1583 625 1628 dvc
610 1589 740 1637 λεῖν,
785 1583 860 1627 καὶ
893 1582 1002 1639 μηδὲ
1039 1582 1164 1639 ῥίζαν
1204 1580 1436 1626 άπολιπειν
1477 1587 1743 1640 τυραννικῆς

350 1644 616 1714 συγγενείας.

452 1699 551 1743 ι’Ὀτι
590 1698 641 1743 τό
685 1701 811 1753 σῶμα
850 1699 930 1740 τοῦ
947 1696 1252 1769 Σεμπρωνίου
1282 1693 1505 1751 Μάγωνος
1547 1693 1744 1739 άποστεί-

269 1767 322 1807 10
352 1762 511 1807 λαντος
532 1757 643 1810 πρὸς
662 1754 883 1825 Ἀννίβαν,
916 1755 960 1797 οἱ
987 1755 1065 1825 μὲν
1096 1756 1356 1807 στρατιῶται
1384 1754 1587 1807 κείμενον
1609 1750 1746 1806 ὁρῶν-

349 1831 419 1866 τες
454 1813 597 1885 ἐβόων
633 1827 916 1866 κατατειινειν
957 1810 1033 1854 καὶ
1061 1826 1172 1854 κατα
1211 1808 1321 1864 μέρη
1351 1811 1743 1880 διασφενδονῆσαι·

352 1872 376 1916 6
409 1871 456 1915 δὲ
479 1869 683 1925 Ἀννίβας
708 1868 863 1940 φήσας
905 1866 958 1910 οὐ
988 1865 1221 1922 προςήκειν
1249 1867 1331 1920 τήν
1361 1864 1497 1936 ὁργην
1525 1867 1585 1915 εἰς
1625 1864 1746 1908 άναί·

352 1934 520 1999 σθητον
551 1931 675 1996 σῶμα
703 1924 1065 1970 ἐναποτίθεσθαι
1096 1923 1170 1966 καὶ
1199 1921 1350 1977 λαβών
1379 1922 1465 1976 πρὸ
1497 1919 1746 1977 ὀφθαλμῶν

351 1984 401 2028 τὸ
431 1987 507 2055 τῆς
534 1982 666 2051 τύχης
694 1981 884 2038 άδηλον,
916 1979 1004 2035 ἅμα
1034 1971 1081 2023 δε
1110 1980 1183 2023 καὶ
1213 1977 1453 2047 θαυμάζων
1481 1978 1560 2034 τὴν
1589 1978 1746 2034 ἀρετὴν

272 2049 325 2092 15
354 2044 435 2085 τοῦ
466 2039 642 2095 ἀνδρός,
671 2040 937 2088 πολυτελοῦς
965 2039 1108 2106 ταφῆς
1135 2035 1290 2091 ἠξίωσε
1307 2034 1386 2079 τὸν
1404 2035 1747 2105 τετελευτηκότα.

355 2098 563 2148 άναλέξας
592 2097 638 2140 δὲ
663 2095 715 2138 τοὶ
747 2094 828 2138 τοῦ
858 2093 1058 2163 σώματος
1082 2091 1189 2136 ὀστᾶ
1216 2092 1290 2135 καὶ
1319 2091 1647 2160 φιλανθρώπως
1676 2107 1748 2135 πε-

358 2157 575 2210 ριστείλας
605 2152 852 2196 ἀπέστειλεν
890 2152 949 2201 εἰς
985 2149 1036 2193 τό
1067 2153 1157 2192 τῶν
1181 2147 1406 2204 Ρωμαίων
1434 2147 1748 2202 στρατόπεδον.

457 2211 556 2254 Ὀτι
582 2214 671 2253 τῶν
689 2208 1013 2279 Συρακουσίων
1041 2222 1146 2277 μετα
1177 2205 1257 2261 τὴν
1286 2205 1450 2248 ἅλωσιν
1478 2222 1554 2260 της
1581 2204 1748 2256 πόλεως

358 2265 698 2339 ἀπαντησάντων
727 2263 972 2320 Μαρκέλλῳ
1003 2262 1107 2318 μεθ’
1138 2264 1375 2331 ἱκετηρίας,
1405 2266 1494 2305 τῶν
1522 2261 1603 2330 μὲν
1632 2261 1749 2305 ἐλευ-

272 2333 329 2379 20
357 2325 504 2379 θέρων
532 2324 616 2381 ἔφη
656 2321 870 2379 σωμάτων
900 2321 1159 2377 φείσασθαι,
1201 2319 1281 2370 τὰς
1309 2319 1354 2364 δὲ
1383 2318 1550 2375 κτήσεις
1579 2316 1749 2369 ἁπάσας

356 2381 605 2438 διαρπάσαι.

458 2439 557 2482 Ὀτι
587 2433 885 2491 Καρχηδόνιοι
923 2432 1242 2482 καταλυσαντες
1276 2430 1357 2474 τόν
1395 2432 1592 2488 Λιβυκὸν
1626 2429 1750 2475 πόλε-

359 2513 443 2552 μον
475 2494 526 2544 τὸ
555 2498 643 2545 τῶν
662 2494 937 2536 Μικατανῶν
957 2489 1182 2559 Νομάδων
1203 2489 1335 2538 ε’θνος
1363 2489 1447 2532 συν
1475 2490 1645 2544 γυναιξὶ
1674 2489 1750 2533 καὶ

359 2554 528 2603 τέκνοις
556 2547 909 2605 τιμωρησάμενοι
947 2545 1115 2596 πάντας
1151 2562 1257 2595 τους
1285 2546 1616 2602 συλληφθέντας
1655 2542 1751 2586 ἀνε-

278 2617 332 2663 255
364 2608 634 2665 σταύρωσαν
685 2606 837 2660 διόπερ
884 2606 927 2648 οἱ
963 2601 1133 2647 τούτων
1175 2600 1394 2658 ἀπόγονοι
1432 2606 1508 2659 τῆς
1546 2603 1607 2653 εἰς
1645 2617 1751 2652 τους

361 2701 419 2736 81
455 2699 578 2743 πυρός
607 2697 767 2732 Valesius
789 2700 823 2731 et
844 2695 922 2732 MS.
947 2693 1134 2738 Salmasii,
1163 2689 1258 2738 πρὸς
1288 2692 1319 2732 V
1479 2692 1537 2729 89.
1573 2688 1751 2737 ἀλλήλους

362 2748 415 2783 ed.
440 2747 483 2780 Bi
487 2744 650 2789 pontina,
677 2742 766 2787 άλλη
757 2742 848 2783 ’λαις
870 2743 900 2775 V

455 2793 536 2832 569.
558 2791 617 2826 99.
640 2757 832 2836 ἒδήμευσε]
855 2788 963 2828 immo
987 2784 1142 2832 ἐδήμευε
