1968 3346
859 712 952 752 ΕΚ
1002 713 1147 755 ΤΗΣ
1183 715 1548 757 ΙΣΤΟΡΙΑΣ
1894 721 1964 774 545,

507 810 1090 866 ᾺΙΟΔΩΡΟΥ
1179 820 1902 869 ΣΙΚΕΛΙΩΤΟΥ

729 927 834 961 ΕΚΛ
842 928 960 963 orsu
981 929 1111 964 ΠΕΡΙ
1129 931 1343 966 ΑΡΕΤΗΣ
1364 932 1454 966 ΚΑΙ
1474 932 1674 967 ΚΑΚῙΑΣ.

490 1128 626 1203 “On
663 1162 989 1215 παραδέδονται
1028 1163 1217 1219 Κάστωρ
1266 1164 1341 1208 καὶ
1380 1164 1691 1222 Πολυδεύκης,
1742 1167 1786 1210 οἱ
1823 1167 1898 1210 καὶ
1948 1181 1960 1190 ‘

503 1221 794 1278 Διόςκουροι,
823 1226 936 1268 πολὺ
967 1229 1057 1268 τῶν
1086 1224 1232 1268 ἄλλων
1263 1224 1394 1296 ἆρετῃ
1424 1228 1684 1281 διενεγκεῖν,
1721 1227 1794 1270 καὶ
1822 1239 1897 1271 συ.-
1952 1222 1958 1239 ²

446 1285 475 1327 5
504 1284 762 1333 στρατεῦσαι
799 1287 892 1332 τοῖς
919 1281 1231 1354 Ἀργοναύταις
1260 1282 1602 1350 ἐπιφανέστατα·
1643 1288 1820 1334 πολλοῖς
1849 1285 1897 1327 δὲ

504 1336 727 1391 δεομένοις
765 1337 1017 1390 ἐπικουρίας
1045 1339 1379 1407 βεβοηθηκέναι.
1420 1338 1617 1382 καθόλου
1649 1340 1695 1383 δὲ
1723 1338 1792 1383 επ’
1824 1339 1896 1382 ἆν-
1967 1392 1968 1397 ¹

505 1395 630 1464 δρείᾳ
666 1393 739 1436 καὶ
778 1395 1063 1464 δικαιοσύνῃ,
1101 1396 1213 1449 πρὸς
1255 1394 1300 1438 δε
1338 1394 1512 1445 τούτοις
1552 1398 1787 1465 στρατηγία
1821 1396 1898 1440 καὶ
1967 1401 1968 1404 ’

417 1457 472 1497 10
502 1449 600 1494 εὐσε
603 1452 699 1506 βεία
732 1451 854 1503 παρὰ
881 1456 990 1494 πᾶσι
1016 1452 1172 1506 σχεδὸν
1191 1450 1452 1521 ἀνθρώποις
1472 1452 1598 1521 ε’σχον
1627 1452 1780 1504 δόξαν,
1810 1469 1898 1496 επι-

501 1512 657 1576 φανεΐς
686 1508 848 1577 βοηθοὶ
876 1513 969 1558 τοῖς
999 1524 1121 1577 παρα
1152 1507 1287 1564 λόγον
1317 1508 1628 1552 κινδυνεύουσι
1656 1508 1896 1582 γινόμενοι

500 1563 574 1607 διὰ
612 1564 658 1607 δὲ
701 1580 780 1619 την
819 1563 1070 1635 ὑπερβολήν
1107 1569 1185 1620 τῆς
1221 1565 1375 1634 αρετῆς
1411 1565 1523 1615 Διὸς
1561 1565 1691 1616 υἷούς
1726 1568 1898 1638 νενομί-

499 1626 633 1674 σθαι,
664 1620 738 1663 καὶ
767 1620 809 1673 εξ
839 1619 1094 1677 ανθρώπων
1123 1620 1416 1678 μετασταντας
1443 1625 1583 1679 τιμῶν
1612 1627 1759 1679 τυχεῖν
1789 1619 1898 1666 αθα-
1961 1613 1965 1685 ί

498 1677 660 1722 νάτων.
1960 1686 1968 1718 ἐι

416 1738 471 1782 15
602 1733 702 1777 ΓΌτι
735 1732 956 1785 Ἐπωπεὺς
994 1735 1197 1805 βασιλεύς
1239 1738 1475 1787 Σικυωνος
1513 1734 1621 1786 τούς
1656 1734 1795 1787 θεούς
1834 1737 1897 1788 εἷς
1965 1731 1968 1772 5

499 1789 643 1862 μάχην
672 1791 1036 1847 προκαλούμενος
1072 1808 1126 1835 τα
1155 1791 1310 1848 τεμένη
1347 1793 1422 1836 καὶ
1458 1792 1564 1844 τούς
1599 1791 1780 1848 βωμούς
1818 1792 1895 1836 αύ-

497 1852 588 1891 τῶν
619 1847 884 1903 ἐλυμαίνετο.

601 1904 700 1948 ’Ότι
740 1906 850 1961 φασὶ
885 1906 964 1947 τὸν
993 1906 1203 1960 Σίσυφον
1241 1905 1490 1961 πανουργία
1527 1904 1604 1948 καὶ
1643 1907 1894 1976 φιλοτεχνίᾳ

498 1963 732 2030 διενεγκεῖν
761 1967 851 2005 τῶν
890 1960 1054 2014 α’λλων,
1095 1962 1169 2006 καὶ
1201 1961 1273 2005 δια
1302 1965 1381 2029 τῆς
1409 1963 1688 2015 ἱεροσκοπίας
1718 1962 1949 2007 ἅπανταὸ-[Η

498 2016 717 2074 εὑρίσκειν
747 2019 821 2061 καὶ
851 2018 1078 2071 προλέγειν
1106 2023 1199 2068 τοῖς
1229 2016 1493 2087 ἀνθρωποις.

415 2083 470 2122 20
603 2076 702 2118 Ότι
732 2075 756 2118 6
787 2074 1056 2144 Σαλμωνεύς
1094 2073 1255 2144 ασεβὴς
1291 2075 1362 2118 καὶ
1392 2072 1678 2145 ὑπερήφανος
1705 2069 1783 2131 ἦν,
1820 2075 1896 2119 καὶ

498 2132 548 2176 τό
579 2137 708 2176 θεῖον
738 2131 932 2186 διέσυρε,
973 2149 1051 2182 τας
1088 2131 1134 2174 δὲ
1165 2132 1304 2175 αὑτοῦ
1337 2130 1513 2186 πράξεις
1543 2130 1770 2201 ὑπερέχειν
1807 2135 1894 2175 τῶν

498 2193 581 2233 τοῦ
610 2188 722 2239 Διὸς
763 2187 1048 2259 ἀπεφαίνετο·
1089 2187 1158 2231 διὸ
1199 2189 1273 2231 καὶ
1310 2187 1645 2241 κατασκευαζων
1675 2189 1747 2231 διά
1775 2205 1895 2238 τινος

497 2250 689 2315 μηχανῆς
730 2245 896 2317 ψόφον
920 2244 1112 2298 ἐξαίσιον
1150 2245 1225 2289 καὶ
1271 2243 1544 2313 μιμούμενον
1581 2243 1661 2294 τὰς
1702 2244 1894 2300 βροντὰς

412 2304 467 2347 25
498 2301 703 2375 ἐβρόντα,
739 2303 812 2345 καὶ
841 2299 941 2345 οὔτε
969 2303 1132 2352 θυσίας
1162 2301 1262 2344 οὔτε
1292 2299 1557 2357 πανηγύρεις
1589 2300 1730 2344 ἐτέλει.

601 2358 700 2401 ’Ὅτι
730 2357 753 2401 6
785 2357 919 2409 αὐτὸς
948 2357 1218 2428 Σαλμωνεὺς
1247 2358 1342 2413 ε’σχε
1370 2359 1594 2426 θυγατέρα
1618 2356 1771 2411 Τυρώ,
1801 2375 1896 2413 ητις

499 2415 573 2459 δια
611 2432 692 2470 την
731 2420 775 2458 λε
760 2413 971 2470 ευκότητα
1020 2416 1094 2457 καὶ
1137 2414 1216 2470 τὴν
1252 2419 1334 2457 τοῦ
1377 2415 1580 2471 σώματος
1615 2414 1894 2471 μαλακότητα

495 2472 656 2527 ταύτης
685 2488 760 2526 της
788 2473 1080 2527 προςηγορίας
1109 2471 1315 2525 τέτευχεν.

411 2530 468 2572 30
598 2530 697 2571 ’Ότι
714 2528 927 2583 ’Ἁδμητος
956 2528 1027 2570 ἐπὶ
1057 2527 1317 2598 δικαιοσύνῃ
1347 2526 1420 2570 καὶ
1442 2525 1641 2596 εὐσεβείᾳ
1661 2526 1891 2597 διενέγκας

497 2584 756 2654 προςφιλης
772 2589 892 2635 θεοῖς
925 2584 1107 2656 εγένετο.
1154 2583 1223 2627 ἐπὶ
1251 2587 1438 2627 τοσοῦτο
1470 2583 1517 2626 δε
1547 2581 1607 2626 δι’
1645 2581 1803 2638 ἀρετήν
1832 2601 1888 2626 τι-

496 2646 695 2700 μηθῆναι
719 2639 824 2693 ω’ςτε
860 2639 941 2685 τὸν
963 2639 1217 2685 Ἀπόλλωνα
1246 2639 1558 2696 προςκόψαντα
1586 2640 1662 2684 Διὶ
1699 2642 1890 2697 δοθῆναι

588 2764 671 2802 545.
694 2766 729 2801 2.
754 2763 807 2811 οἱ]
831 2762 872 2802 οι
892 2764 952 2799 V'
939 2779 964 2802 1.
978 2778 1010 2800 e.
1027 2765 1135 2803 editio
1154 2766 1284 2802 valesii
1300 2768 1469 2811 quatenus
1490 2764 1647 2799 codicem
1670 2764 1783 2799 reddit

589 2824 672 2861 546.
689 2825 750 2861 21⁶
772 2819 908 2870 αὑτοῦ]
929 2822 1049 2860 αὐτοῦ
1063 2825 1092 2860 V
1183 2825 1240 2861 28.
1267 2823 1444 2869 τέτευχεν]
1463 2822 1606 2868 τέτυχεν
1617 2822 1646 2856 V
1663 2826 1697 2857 et
1711 2822 1768 2857 26.
1792 2820 1889 2867 ἔσχεν
