1968 3346
468 219 528 262 52
751 213 1052 258 EXCERPTA
1079 214 1271 258 PHOTII
1299 216 1349 258 L.
1379 216 1569 261 XXXIV.

383 336 441 378 30
470 328 643 389 μένοις,
683 330 760 374 καί
801 346 915 382 τινες
953 328 1102 375 αὐτῶν
1132 326 1218 373 ἆπό
1248 333 1326 387 τῆς
1362 329 1573 403 τραπέζης
1602 330 1857 388 ἀξιολόγους

469 390 648 445 μερίδας
678 389 874 442 αἴροντες
895 388 1167 458 ἐδωροῦντο,
1199 387 1466 457 ἐπιλέγοντες
1487 388 1630 440 ὅπως,
1661 389 1768 432 ὅταν
1788 390 1857 443 γέ·
1903 432 1907 434 ,

467 461 597 501 νηται
626 444 856 517 βασιλεύς,
885 448 960 501 τῆς
988 460 1163 514 χαριτος
1181 443 1460 514 μνημονεύοι.
1494 443 1548 488 οὐ
1576 444 1663 502 μην
1703 445 1797 489 ἀλλ’
1827 444 1855 498 ἦ

468 502 668 574 τερατεία
697 505 929 572 προῆλθεν
959 503 1017 552 είς
1053 499 1269 571 ἀληθινὸν
1309 500 1579 568 α’ποτέλεσμα
1620 503 1857 572 βασιλείας,

377 560 435 604 35
464 560 540 603 καὶ
568 557 649 611 τὴν
681 556 980 601 ανταπόδοσιν
1020 562 1112 608 τοῖς
1150 557 1270 610 παροὶ
1310 557 1363 600 τοὶ
1403 560 1558 602 δεῖπνα
1602 558 1855 612 δεξιωσαμέ-

462 632 559 667 νοις
596 614 644 658 ἐν
679 615 834 669 γέλωτι
864 613 919 658 οὐ
953 613 1088 684 χωρὶς
1117 616 1312 682 σπουδῆς
1332 614 1575 686 ἐποιησατο
1617 619 1693 670 τῆς
1731 632 1851 672 χαρι-
1838 624 1924 660 -527

461 689 550 723 τος.
584 670 691 741 ἀρχὴ
715 673 761 715 δὲ
782 675 865 741 τῆς
895 670 995 726 ὅλης
1020 668 1297 721 ἀποστασεως
1328 671 1493 724 ἐγένετο
1525 673 1720 728 τοιαύτη
1765 677 1855 715 Δα-

461 728 650 799 μόφιλός
678 745 743 780 τις
771 733 827 783 ην
848 726 1065 797 Ἐνναῖος,
1095 726 1176 783 τὴν
1205 726 1251 770 δ’
1294 727 1450 770 οὐσίαν
1481 729 1853 799 μεγαλόπλουτος,

461 784 766 857 υπηερήφανος
779 784 825 829 δὲ
853 783 931 826 τὸν
960 783 1139 839 τρόπον.
1171 785 1302 834 οὑτος
1327 789 1471 835 κακῶς
1515 789 1573 836 είς
1602 784 1855 855 ὑπερβολὴν

379 847 437 892 40
465 842 665 899 ἐκέχρητο
694 846 787 892 τοῖς
826 839 1024 892 δούλοις,
1063 840 1139 883 καὶ
1178 839 1205 896 ἡ
1242 842 1376 913 γυνὴ
1395 841 1441 884 δὲ
1470 844 1690 897 Μεγαλλὶς
1727 841 1855 885 ἅντε-

464 901 705 971 φιλονείκει
746 895 903 966 τάνδρὶ
949 896 1060 951 πρὸς
1096 913 1179 951 την
1218 897 1433 952 τιμωρίαν
1478 899 1552 941 καὶ
1595 915 1677 969 την
1721 897 1856 955 ἄλλην

462 955 788 1011 απανθρωπίαν
816 970 898 1010 την
939 954 1058 1007 περὶ
1068 953 1172 1004 τοὺς
1204 953 1403 1004 δούλους.
1439 954 1481 1006 ἐξ
1512 957 1574 998 ὠν
1604 955 1855 1025 ἀποθηριω-

461 1013 615 1063 θέντες
656 1013 701 1055 οἱ
737 1009 1167 1082 προπηλακιζόμενοι
1203 1011 1439 1054 συνέθεντο
1485 1010 1599 1067 πρός
1638 1010 1856 1081 αλλήλους

460 1068 572 1138 ’ὑπὲρ
604 1067 887 1118 ἀποστάσεως
915 1068 990 1110 καὶ
1020 1066 1165 1123 φόνου
1195 1071 1283 1110 τῶν
1315 1070 1493 1122 κυρίων.
1535 1069 1608 1112 καὶ
1637 1069 1746 1122 πρὸς
1775 1068 1853 1112 τὸν

375 1129 431 1172 45
461 1124 644 1170 Εὔνουν
672 1123 876 1175 ἐλθόντες
905 1122 1092 1194 η’ρῶτων
1122 1125 1158 1166 εἰ
1189 1130 1474 1193 συγχωρεῖται
1502 1141 1624 1180 παρα
1662 1142 1752 1168 των
1780 1130 1853 1168 θε-

458 1199 523 1226 ων
553 1181 704 1233 αὐτοῖς
732 1180 782 1226 τό
814 1180 1176 1251 βεβουλευμένον.
1219 1179 1243 1225 ὁ
1275 1181 1321 1224 δὲ
1361 1181 1468 1237 μετὰ
1516 1184 1757 1237 τερατείας,
1791 1198 1851 1233 ως

457 1237 630 1290 εἰώθει,
663 1237 949 1308 συνθέμενος
960 1237 1028 1282 ὅτι
1066 1242 1366 1308 συγχωροῦσι,
1409 1243 1671 1295 παραχρῆμα
1707 1241 1851 1283 πείθει

458 1296 634 1368 ε’χεσθαι
670 1300 746 1352 τῆς
784 1294 1077 1351 ἐγχειρήσεως.
1117 1293 1255 1346 εὐθὺς
1294 1298 1379 1338 οὐν
1416 1298 1725 1367 τετρακοσίους
1763 1298 1852 1338 τῶν

372 1354 429 1399 50
460 1352 736 1423 ὁμοδούλων
763 1352 1098 1422 συνήθροισαν,
1136 1352 1211 1394 καὶ
1248 1368 1308 1402 ως
1348 1351 1404 1395 ἂν
1443 1351 1468 1396 ὁ
1509 1351 1662 1408 καιρὸς
1700 1353 1850 1396 ἐδίδου

457 1408 833 1460 καθοπλισθέντες
873 1411 932 1460 είς
969 1425 1075 1479 την
1076 1406 1243 1451 Ἔνναν
1271 1425 1351 1479 την
1382 1408 1513 1453 πόλιν
1543 1412 1853 1460 είςπίπτουσιν,

457 1466 805 1537 αφηγουμένου
820 1464 969 1508 αὐτῶν
1007 1465 1082 1508 καὶ
1119 1469 1202 1508 τοῦ
1239 1464 1378 1534 πυρὸς
1414 1465 1491 1517 τὰς
1523 1466 1690 1522 φλόγας
1717 1482 1850 1520 τερα-

455 1524 697 1580 τευομένου
725 1520 900 1573 τούτοις
928 1525 1010 1565 τοῦ
1039 1520 1208 1564 Εὕνου.
1245 1528 1339 1573 ταῖς
1370 1519 1418 1566 δ’
1462 1524 1621 1574 οἰκίαις
1660 1525 1849 1575 έπειςελ*

455 1563 614 1632 θόντες
652 1583 855 1623 πλεῖστον
903 1576 1051 1634 φόνον
1088 1577 1363 1648 εἰργαζοντο,
1382 1579 1517 1648 μηδ
1559 1578 1709 1623 αὐτῶν
1758 1583 1848 1624 των

370 1639 427 1685 55
456 1636 710 1693 ὑπομαζίων
736 1634 1004 1706 φειδόμενοι.
1046 1633 1155 1678 αλλα
1184 1639 1319 1679 ταῦτα
1348 1635 1429 1691 μὲν
1467 1639 1542 1693 τῆς
1570 1641 1713 1706 θηλῆς
1742 1635 1849 1679 ἀπο-

455 1698 647 1745 σπῶντες
675 1692 987 1760 προςήρασσον
1015 1709 1069 1748 τη
1099 1696 1178 1747 γῆ·
1217 1693 1277 1743 εἰς
1308 1693 1354 1736 δὲ
1383 1709 1460 1743 τας
1495 1699 1710 1748 γυναῖκας
1746 1691 1847 1738 οὐδ’

453 1752 571 1796 ε’στιν
604 1752 754 1801 εἰπεῖν,
791 1751 865 1794 καὶ
893 1749 990 1792 τότε
1020 1748 1274 1803 βλεπόντων
1301 1766 1392 1792 των
1407 1749 1613 1819 ανδρῶν,
1645 1751 1728 1795 ὅσα
1753 1749 1849 1794 ένύ-

453 1807 607 1877 βριζόν
636 1823 681 1851 τε
710 1807 784 1851 καὶ
814 1805 1136 1876 ένησέλγαινον,
1165 1810 1334 1849 πολλοῦ
1361 1804 1512 1858 αὐτοῖς
1531 1808 1733 1880 πλήθους
1757 1823 1848 1851 των

453 1863 541 1909 από
571 1867 648 1920 τῆς
675 1862 844 1915 πόλεως
872 1862 1047 1906 δούλων
1076 1862 1413 1917 προςτεθέντος,
1446 1867 1489 1907 οι
1516 1881 1592 1907 και
1619 1881 1728 1908 κατα
1757 1868 1847 1907 τῶν

369 1929 426 1970 60
454 1923 624 1977 κυρίων
660 1920 880 1974 πρότερον
917 1919 971 1962 τὰ
1011 1920 1167 1975 ε’σχατα
1208 1920 1535 1976 ἐνδεικνύμενοι
1574 1921 1692 1964 οὕτω
1733 1920 1847 1975 πρὸς

452 1979 533 2023 τόν
572 1981 660 2022 τῶν
697 1977 842 2021 ἄλλων
879 1975 1025 2046 φόνον
1070 1977 1318 2029 ἐτρέποντο
1359 1979 1402 2020 οἱ
1436 1977 1482 2020 δὲ
1511 1978 1616 2048 περὶ
1643 1977 1722 2021 τὸν
1752 1976 1845 2021 Εὔ-

451 2052 566 2079 νουν
605 2034 854 2103 πυθόμενοι
892 2032 972 2077 τὸν
1011 2032 1280 2089 Δαμόφιλον
1310 2031 1377 2076 ὅτι
1412 2050 1522 2077 κατα
1551 2034 1628 2078 τὸν
1657 2037 1845 2103 πλησίον

450 2096 527 2147 τῆς
555 2091 723 2143 πόλεως
751 2093 996 2162 περίκηπον
1026 2092 1253 2161 διατρίβει
1267 2107 1371 2145 μετα
1399 2095 1474 2146 τῆς
1501 2091 1732 2163 γυναικός,
1762 2089 1846 2136 εἷλ-

451 2165 535 2193 κον
574 2148 745 2192 ἐκεῖθεν
786 2147 858 2192 διά
895 2163 1028 2190 τινων
1065 2147 1108 2199 ἐξ
1151 2146 1302 2190 αὐτῶν
1341 2147 1587 2191 σταλέντων
1627 2147 1763 2192 αὐτόν
1797 2162 1844 2192 τε

369 2214 424 2257 65
455 2207 529 2249 καὶ
557 2205 638 2275 τὴν
666 2210 855 2260 γυναῖκα
886 2202 1142 2259 δεδεμένους
1171 2203 1546 2274 έξαγκωνίσαντες,
1576 2205 1740 2257 πολλας
1769 2223 1844 2249 κα-

453 2263 507 2306 τοὶ
535 2261 615 2318 τήν
644 2261 754 2306 ὁδὸν
773 2262 926 2332 ὕβρεις
953 2260 1242 2317 ὑποσχόντας.
1274 2259 1411 2332 μόνης
1442 2261 1487 2304 δὲ
1516 2264 1592 2316 τῆς
1618 2262 1844 2334 θυγατρὸς

455 2318 603 2363 αὐτων
636 2321 679 2362 οἱ
708 2321 861 2362 δοῦλοι
871 2318 1112 2389 ὤφθησαν
1142 2319 1201 2369 εἰς
1230 2333 1373 2361 παντα
1404 2317 1661 2372 φεισάμενοι
1690 2318 1762 2363 δια
1793 2320 1842 2364 τὸ

455 2375 780 2446 φιλάνθρωπον
825 2373 971 2443 αὐτῆς
997 2374 1110 2431 ἦθος
1138 2375 1212 2417 καὶ
1241 2374 1341 2426 περὶ
1369 2390 1477 2424 τους
1505 2374 1697 2444 δρύλους
1727 2388 1844 2432 συμ-

367 2445 424 2484 70
455 2432 596 2483 παθες
633 2449 706 2474 και
736 2430 1007 2502 βοηθητικὸν
1047 2448 1160 2475 κατα
1192 2429 1392 2487 δύναμιν.
1434 2431 1476 2481 ἐξ
1516 2432 1577 2474 ὡν
1617 2432 1840 2477 ἐδείκνυτο

453 2494 544 2532 τῶν
573 2487 748 2532 δούλων
779 2486 876 2557 οὐχὶ
907 2486 1079 2545 ωμότης
1109 2486 1222 2530 εἶναι
1260 2486 1433 2542 φύσεως
1461 2504 1516 2529 τα
1542 2486 1751 2558 γινόμενα
1781 2491 1841 2541 εἰς

448 2545 554 2597 τοὺς
585 2543 759 2597 ἄλλους,
789 2541 901 2588 ἄλλα
937 2549 1027 2589 τῶν
1055 2543 1438 2600 προϋπηργμένων
1465 2545 1527 2595 εἰς
1556 2543 1718 2597 αὐτοὺς
1747 2545 1840 2590 ἀδι-

446 2658 505 2693 34.
529 2656 635 2700 παρὰ
657 2657 711 2701 Α,
736 2657 865 2692 caeteri
886 2656 970 2702 περι
1106 2656 1164 2693 35.
1188 2654 1409 2700 ἐποιήσατο]
1435 2654 1701 2701 ἀντεποιήσατο
1725 2658 1837 2694 Amst.

537 2705 617 2739 527.
641 2704 699 2738 38.
731 2702 1024 2747 usyast6nkovvo9
1046 2703 1212 2738 Reiskius
1239 2705 1317 2737 con.
1340 2716 1371 2747 p.
1390 2703 1469 2737 530.
1491 2704 1548 2737 99.
1570 2704 1651 2740 531.
1674 2704 1731 2739 78.
1757 2706 1836 2739 534.

443 2750 524 2786 89..
547 2751 630 2785 libri
651 2749 904 2794 μεγαλόψυχος
1031 2749 1088 2784 45.
1114 2746 1279 2806 ἠρώτων
1288 2754 1367 2793 post
1381 2749 1670 2804 βεβουλευμένον
1691 2751 1786 2794 ponit
1804 2752 1836 2786 B

536 2797 593 2832 53.
617 2795 886 2838 ἐπειςελθόντες
904 2797 1085 2838 AAmst.⁷
1108 2797 1236 2830 caeteri
1257 2793 1536 2835 υπειςελθόντες
1687 2797 1744 2832 56.
1769 2798 1833 2835 καὶ

440 2841 525 2879 τότε
548 2845 600 2885 Α,
620 2843 749 2877 caeteri
772 2845 895 2881 καίτοι
1032 2841 1089 2881 59.
1110 2843 1390 2890 προςτεθέντος]
1412 2841 1688 2889 προςτεθέντων
1709 2843 1742 2880 Β

441 2890 498 2925 70.
523 2887 619 2937 ον’χὶ]
646 2886 716 2926 οιῗκ
733 2891 765 2926 Β
