1968 3346
401 235 702 280 EXCERPTA
732 234 1106 278 LEGATIONVM
1134 237 1182 277 L.
1215 236 1388 278 XXXII.
1505 240 1585 280 171

200 335 440 420 πράγμασι.
479 348 554 392 καὶ
581 346 610 404 ἡ
640 346 881 417 σύγκλητος
918 346 998 390 τὸν
1035 364 1114 404 μεν
1143 348 1364 403 στέφανον
1392 350 1589 402 προςεδέ

201 409 327 460 ξατο,
365 423 469 457 τους
499 405 545 448 δὲ
575 404 678 460 μετὰ
705 409 786 447 τοῦ
823 404 1044 460 στεφάνου
1082 406 1464 460 παραδιδομένους
1489 406 1589 449 Ἰσο

199 464 336 519 κράτη
365 464 439 507 καὶ
467 465 688 516 Λεπτίνην
718 459 802 504 οὐκ
833 461 1055 530 ἐβουληθη
1085 465 1366 531 παραλαβεῖν.
1647 467 1674 508 5

293 521 391 563 Ὀτι
432 536 474 563 οι
513 521 774 572 Κελτίβηρες
814 518 920 573 μετά
961 517 1042 574 τήν
1080 521 1208 574 νίκην
1257 517 1340 562 οὐκ
1381 517 1589 573 ἀφρόνως
1618 525 1674 563 26

199 577 526 631 προνοούμενοι
568 580 649 618 τοῦ
696 575 929 629 μέλλοντος
973 576 1240 645 πρεσβευτὰς
1290 576 1590 627 ἐξαπέστειλαν
1623 582 1674 621 10

132 634 309 687 627πρὸς
337 635 414 678 τὸν
442 632 613 676 ὕπατον
643 632 740 686 περὶ
771 633 1022 683 διαλύσεως.
1055 631 1078 675 ὁ
1110 632 1155 675 δὲ
1186 631 1427 686 αναγκαῖον
1457 632 1589 688 ἡγού-

200 707 330 761 μενος
367 695 514 761 τηρεῖν
551 688 600 732 τὸ
640 693 717 744 τῆς
755 691 964 742 πατρίδος
1003 689 1332 760 μεγαλόιυχον,
1373 689 1589 744 ἀπεκρίθη

196 747 371 798 τούτοις
408 748 436 802 ἢ
474 744 647 789 διδόναι
685 747 784 800 περὶ
821 745 1000 789 πάντων
1030 747 1273 803 ἐπιτροπήν
1303 745 1462 802 Ρωμαί
1449 764 1531 797 ιοις
1561 747 1588 802 ἣ

196 804 401 876 πράττειν
431 804 616 858 ἐνεργῶς
646 803 700 845 τὰ
731 807 810 846 τοῦ
841 803 1048 857 πολέμου.
1624 806 1676 848 15

296 860 394 904 Ὀτι
431 864 520 903 τῶν
545 859 779 913 “Ρωμαίων
811 859 1170 913 στρατευσάντων
1201 858 1321 931 πρός
1351 861 1589 914 Καρχηδο-
1620 866 1678 904 27

195 918 345 969 νίους,
387 919 431 960 οἱ
459 915 756 972 Καρχηδόνιοι
785 916 1035 970 πυθόμενοι
1067 915 1145 959 τὸν
1176 917 1235 966 εἰς
1264 917 1312 959 τὸ
1344 916 1591 970 Λιλύβαιον
1620 922 1675 962 20

194 974 462 1023 κατάπλουν,
493 990 568 1017 και
592 973 704 1027 πρὸς
733 972 812 1016 τόν
841 973 1034 1028 πόλεμον
1064 971 1272 1027 οὐδαμῶς
1301 975 1590 1028 καταβαίνον-

194 1048 284 1082 τες,
314 1031 590 1102 πρεσβευτὰς
631 1030 872 1085 ἐξέπεμψαν
910 1033 971 1082 εἰς
1007 1030 1208 1085 Ριόμην,
1253 1032 1296 1072 οι
1327 1030 1592 1098 ἐνεχείρισαν

194 1093 288 1139 τοῖς
314 1086 547 1142 “Ρωμαίοις
576 1087 762 1137 εαυτούς
790 1104 834 1130 τε
864 1104 939 1130 και
967 1090 1045 1157 τῆς
1074 1089 1284 1139 πατρίδος
1314 1104 1366 1129 τα
1397 1085 1594 1142 πράγμα-

195 1161 262 1187 τα.
298 1143 326 1201 ἡ
358 1145 404 1188 δὲ
436 1143 675 1214 σύγκλητος
705 1143 913 1200 δεξαμένη
945 1143 1023 1199 τὴν
1051 1143 1300 1196 παράδοσιν
1340 1147 1417 1199 τῆς
1447 1143 1591 1198 χώρας
1620 1148 1675 1192 25

194 1202 357 1245 ε’δωκεν
387 1200 634 1271 ἀπόκρισιν,
667 1201 755 1244 ἐπεὶ
784 1205 928 1253 καλῶς
958 1201 1247 1270 βουλεύονται
1277 1200 1589 1270 Καρχηδόνιοι,

194 1260 376 1302 δίδωσιν
406 1256 560 1309 αὐτοῖς
590 1257 614 1314 ἡ
648 1257 887 1313 σύγκλητος
926 1257 1116 1313 νόιιους,
1160 1259 1330 1313 χώραν,
1365 1256 1484 1311 ἱερά,
1518 1258 1591 1300 τά-

195 1332 335 1385 φους,
368 1315 638 1369 ἐλευθερίαν,
671 1315 880 1369 ὕπαρξιν,
912 1313 1118 1358 οὐδαμοῦ
1148 1320 1431 1369 προςτιθεῖσα
1460 1313 1592 1358 πόλιν

193 1388 274 1428 την
303 1372 593 1441 Καρχηδόνα,
631 1371 1010 1426 παρακρύπτουσα
1042 1373 1087 1415 δε
1116 1371 1198 1441 τὴν
1226 1370 1386 1428 ταύτης
1418 1370 1591 1425 ἀναίρε-

195 1440 278 1473 σιν.
312 1427 542 1481 τεύξεσθαι
573 1429 619 1472 δὲ
648 1427 821 1472 τούτων
850 1433 940 1472 τῶν
967 1428 1322 1484 φιλανθρώπων,
1369 1428 1449 1472 ἐαν
1479 1428 1588 1484 ὁμή-
1619 1435 1674 1476 30

195 1503 305 1540 ρους
334 1488 442 1529 δῶσι
470 1488 752 1539 τριακοσίους
781 1485 911 1536 υἷους
940 1493 1029 1529 τῶν
1060 1490 1362 1541 συγκλητικῶν
1392 1503 1466 1529 και
1505 1488 1593 1529 πεί-

195 1549 366 1586 θωνται
394 1547 484 1593 τοῖς
521 1542 609 1585 ὑπὸ
647 1546 736 1585 τῶν
773 1541 954 1586 υπάτων
992 1543 1517 1612 παραγγελλομένοις.οἱ
1547 1544 1594 1586 δὲ

195 1602 452 1654 νομίσαντες
483 1598 784 1642 ἀπολελύσθαι
810 1604 891 1642 τοῦ
922 1600 1119 1653 πολέιιου
1149 1599 1254 1650 τούς
1286 1598 1488 1670 ὁιιήρους
1512 1599 1594 1651 ἐξέ-

196 1664 376 1712 πέμψαν
406 1656 512 1711 μετὰ
542 1660 707 1711 πολλῆς
738 1658 942 1711 οἰμωγῆς.
988 1661 1078 1699 είτα
1108 1651 1252 1711 ἦλθον
1283 1658 1341 1707 εἰς
1375 1657 1454 1712 τὴν
1479 1655 1594 1699 Ἰτύ-

195 1730 294 1768 κην.
336 1715 378 1756 οἱ
409 1712 454 1756 δὲ
485 1712 617 1755 πάλιν
657 1714 924 1766 πρεσβευτάς
963 1713 1203 1767 ἐξέπεμψαν
1232 1712 1338 1764 τούς
1367 1714 1591 1782 πευσομέ-
1621 1716 1678 1760 35

197 1787 306 1821 νους
336 1772 376 1813 εί
402 1787 442 1812 τι
473 1769 623 1823 ἕτερον
654 1769 806 1820 αὐτοῖς
844 1772 887 1813 οἱ
919 1767 1131 1825 Ρωμαῖοι
1163 1776 1308 1813 ποιεῖν
1348 1769 1589 1813 κελεύουσι.

194 1831 286 1870 τῶν
312 1828 358 1870 δὲ
387 1825 568 1869 υπάτων
606 1825 820 1870 εἰπόντων
855 1809 1135 1881 παραδδῦναι
1170 1844 1224 1869 τα
1272 1827 1383 1869 ὅπλα
1424 1825 1593 1878 άδόλως

195 1885 270 1928 καὶ
298 1900 405 1933 τους
433 1883 720 1937 καταπέλτας,
754 1885 799 1926 οἱ
827 1884 874 1927 δὲ
903 1882 953 1926 τό
984 1900 1064 1939 μεν
1092 1888 1271 1938 πρῶτον
1291 1883 1362 1926 δια
1384 1883 1462 1927 τὸν
1484 1885 1593 1939 πρὸς

190 1939 469 1995 Ἀσδρούβαν
499 1939 691 1995 πόλειιον
720 1941 922 1996 βαρέως’
908 1942 1081 1997 ε’φερον·
1111 1940 1365 1996 παρέλαβον
1387 1940 1423 1983 δ’
1445 1940 1592 1984 ὅπλων
1622 1945 1678 1989 40

196 2000 493 2041 παντοδαπῶν
530 1999 671 2040 εἴκοσι
699 1997 918 2052 μυριάδας
948 1999 1022 2041 καὶ
1052 1999 1316 2048 καταπέλτας
1346 2000 1590 2052 διςχιλίους.

197 2053 291 2098 είτα
319 2055 451 2098 πάλιν
483 2071 525 2098 οι
550 2052 765 2110 “Ρωμαῖοι
796 2054 1089 2110 διεπέμψαντο
1111 2054 1223 2108 πρὸς
1237 2057 1592 2126 Καρχηδονίους,

199 2111 453 2156 ἀποστεῖλαί
491 2128 613 2162 τινας
652 2112 698 2154 ἐκ
737 2116 812 2163 τῆς
849 2114 1094 2182 γερουσίας
1122 2112 1396 2162 κελεύοντες,
1444 2116 1509 2163 οἷς
1539 2112 1590 2156 τό

196 2168 570 2222 καταλειπόμενον
602 2168 857 2224 πρόςταγμα
897 2168 1253 2224 διασαφήσουσιν
1311 2186 1353 2212 οι
1384 2168 1430 2212 δε
1459 2169 1591 2222 τριά-

196 2242 335 2270 κοντα
363 2230 452 2268 τῶν
483 2226 840 2288 ἐπιφανεστάτων
870 2225 1136 2269 ἀπέστειλαν.
1169 2226 1192 2269 6
1225 2225 1270 2269 63
1300 2226 1593 2280 πρεσβύτερος
1621 2229 1677 2272 45

198 2287 287 2326 τῶν
313 2280 496 2326 ’ὑπάτων
525 2285 747 2334 Μανίλιος
777 2288 895 2326 εἰπεν
932 2282 999 2326 ὅτι
1032 2300 1084 2340 τῃ
1126 2282 1350 2338 συγκλήτῳ
1391 2282 1605 2326 δέδοκται

199 2338 256 2395 ἣν
286 2356 364 2409 μεν
391 2343 476 2382 νῦν
507 2340 681 2383 οἰκοῦσι
708 2339 837 2384 πόλιν
867 2339 1066 2392 ἐκλιπεῖν,
1099 2339 1250 2394 ετέραν
1272 2339 1318 2383 δὲ
1348 2341 1492 2383 κτίσαι
1517 2344 1593 2396 τῆς

200 2395 425 2452 θαλάσσης
455 2394 702 2470 ἀπέχουσαν
731 2398 936 2448 σταδίους
967 2374 1252 2467 ὀγδδήκοντα.
1297 2400 1386 2439 τῶν
1417 2397 1463 2440 63
1494 2412 1592 2450 πρε-

202 2456 401 2522 σβευτῶν
431 2454 490 2504 εἷς
519 2459 670 2498 οικτον
706 2455 779 2497 καὶ
821 2454 941 2498 ε’λεον
979 2452 1253 2508 τραπέντων,
1305 2454 1380 2496 καὶ
1412 2453 1591 2496 πάντων
1621 2456 1677 2501 50

205 2509 430 2564 ριψάντων
459 2509 644 2561 εαυτούς
669 2511 740 2555 ἐπὶ
767 2510 848 2568 τὴν
875 2514 960 2567 γῆν
990 2512 1064 2554 καὶ
1093 2512 1237 2554 πολὺν
1265 2510 1500 2580 κλαυθμὸν
1529 2527 1598 2566 με-

202 2567 256 2611 τὰ
286 2566 493 2622 δακρύων
521 2568 814 2645 προϊεμένων,
845 2567 1056 2625 διατροπή
1088 2566 1252 2624 μεγάλη
1281 2566 1329 2611 τὸ
1361 2568 1598 2623 συνέδριον

294 2679 376 2715 627.
401 2679 457 2714 27.
484 2677 567 2725 ἱερα
590 2681 756 2725 Vrsinus,
780 2681 875 2725 ἱεραὶ
893 2682 952 2724 Μ,
977 2679 1105 2726 Σερους
1125 2682 1158 2714 V
1272 2681 1329 2716 29.
1355 2677 1394 2715 δε
1417 2679 1486 2724 τὴν
1509 2679 1600 2716 ταύ-

205 2738 273 2772 της
295 2724 500 2770 ἀναίρεσιν.
522 2727 729 2771 τεύξασθαι
751 2729 848 2763 addit
873 2730 910 2762 Μ
1049 2728 1257 2771 τεύξεσθαι]
1283 2726 1487 2770 τεύξασθαι
1512 2728 1551 2761 Μ

300 2771 581 2831 φιλανθρώπων
606 2775 880 2819 Wesselingius,
906 2776 1202 2818 φιλανθρωπιῶν
1220 2775 1290 2808 MV
1429 2774 1485 2806 34.
1508 2771 1597 2808 Ἰτύ-

207 2820 291 2863 κην]
314 2818 432 2864 Ἰτύην
460 2821 499 2853 Μ
615 2821 671 2855 43.
697 2820 753 2860 οἷς
778 2822 853 2855 Sra
856 2833 939 2866 nus
967 2821 1004 2857 οἱ
1027 2823 1096 2855 MV
1235 2821 1294 2854 46.
1321 2822 1507 2858 Μαιιλιος
1532 2821 1596 2854 Vr-

207 2866 326 2911 sinus,
352 2867 544 2912 Μαμίλιος
566 2867 618 2911 V,
645 2868 838 2908 Καικίλιος
861 2868 900 2901 Μ
1038 2868 1095 2903 52.
1119 2864 1240 2913 μόγις]
1263 2865 1368 2911 μόλις
1391 2866 1517 2901 Suidas
