1968 3346
857 638 981 722 ER
1045 673 1153 723 To
1177 674 1224 722 Υ
1278 669 1390 726 Λςὶ

374 846 401 885 1
532 842 632 888 ’Ὅτι
660 843 749 890 ὑπὸ
777 845 883 898 τούς
919 845 1087 900 αὐτούς
1114 847 1304 919 χρόνους
1333 847 1381 892 ἐν
1403 845 1569 905 Ῥώμῃ,
1605 848 1712 894 καθ’
1743 848 1824 901 οὒς

342 900 400 944 75
418 897 614 972 Μάριος
660 902 741 958 μὲν
785 904 890 955 τούς
933 905 1047 949 κατὰ
1083 905 1259 975 Λιβύην
1306 907 1496 960 βασιλεῖς
1538 907 1712 962 Βόκχον
1751 908 1827 950 καὶ

418 952 712 1025 Ἰουγούρθαν
741 961 1060 1032 κατεπολέμησε
1088 961 1254 1033 μεγάλῃ
1276 961 1528 1017 παρατάξει,
1557 963 1632 1006 καὶ
1661 963 1827 1013 πολλας

425 1012 506 1064 μέν
544 1018 635 1058 τῶν
671 1017 854 1074 Λιβύων
892 1019 1113 1075 μυριάδας
1155 1019 1348 1072 ἀνεῖλεν,
1384 1018 1572 1073 ’ὕστερον
1608 1019 1658 1063 δὲ
1689 1017 1828 1072 αὐτὸν

421 1066 713 1139 Ἰουγούρθαν
744 1078 1053 1147 συλληφθέντα
1081 1075 1171 1122 ὑπὸ
1191 1075 1386 1146 Βόκχου,
1419 1074 1520 1126 ὥςτε
1545 1080 1689 1131 τυχεῖν
1710 1089 1828 1146 συγ·

424 1125 605 1194 γνώμης
644 1130 765 1185 παρὰ
796 1129 1032 1187 Ῥωμαίων
1071 1131 1153 1177 ὑπε
1136 1149 1183 1187 ορ
1221 1136 1285 1176 ὠν
1326 1130 1477 1183 αὐτοῖς
1504 1133 1687 1189 κατέστη
1711 1131 1829 1187 πρὸς

340 1186 399 1229 80
427 1182 645 1239 πόλεμον,
679 1186 832 1244 λαβων
869 1188 1041 1233 ἐκεῖθεν
1079 1189 1354 1246 αἰχμάλωτον
1392 1194 1499 1244 εἶχε,
1537 1191 1752 1245 μεγίστοις
1782 1189 1830 1232 δὲ

427 1242 669 1297 πταίσμασι
703 1251 797 1296 τοῖς
834 1246 946 1289 κατά
975 1250 1198 1290 Γαλατίαν
1233 1250 1322 1290 τῶν
1350 1247 1564 1315 Κίμβρων
1591 1245 1831 1316 πολεμούν-

428 1311 520 1340 των
545 1298 759 1371 Ῥωμαῖοι
796 1304 1100 1357 περιπεσόντες
1128 1301 1361 1373 ἠθύμουν,
1389 1301 1500 1346 κατα
1531 1303 1634 1354 τοὺς
1666 1301 1830 1354 αὐτους

426 1352 620 1426 χρόνους
648 1356 759 1414 ἡκόν
787 1375 901 1412 τινες
931 1358 1017 1404 ἀπό
1039 1362 1245 1411 Σικελίας
1274 1357 1519 1403 απόστασιν
1549 1358 1830 1420 ἀγγέλλοντες

341 1413 399 1457 85
430 1412 611 1455 οἰκετῶν
639 1416 699 1465 εἰς
726 1415 891 1467 πολλας
921 1416 1290 1487 ἀριθμουμένων
1298 1415 1614 1471 μυριάδας.οὑ
1645 1432 1830 1472 προςαγ-

424 1467 658 1535 γελθέντος
686 1471 735 1515 έν
762 1476 906 1543 πολλῇ
923 1472 1184 1544 περιστάσει
1211 1472 1262 1516 vd
1278 1471 1531 1543 Ῥωμαικὸν
1561 1473 1680 1517 ἅπαν
1705 1485 1834 1516 συνε-

423 1522 614 1593 χόμενον
662 1528 859 1582 διετέλει,
903 1529 960 1582 ὡς
999 1530 1054 1574 ἂν
1094 1534 1374 1584 στρατιωτῶν
1409 1528 1644 1574 ἐπιλέκτων
1673 1528 1831 1585 σχεδόν

422 1579 742 1650 ἕξακιςμυρίων
778 1603 827 1630 εν
855 1591 916 1647 τῷ
953 1587 1084 1659 πρὸς
1093 1589 1323 1656 Κίμβρους
1361 1602 1473 1630 κατα
1503 1589 1722 1630 Γαλατίαν
1751 1601 1831 1628 πο-

421 1636 540 1696 λέμῳ
589 1632 898 1696 διολωλότων,
935 1645 1012 1688 καὶ
1058 1642 1239 1699 ἀπόρων
1285 1641 1429 1687 ὄντων
1475 1644 1538 1695 εἰς
1582 1641 1832 1700 ἀποστολὴν

423 1702 701 1750 στρατιωτῶν
729 1698 946 1754 λογάδων

341 1758 400 1799 90
542 1753 639 1810 11ρὸ
669 1755 716 1799 δὲ
744 1761 821 1812 τῆς
857 1773 969 1801 κατα
985 1757 1084 1827 τὴν
1107 1756 1315 1800 Σικελίαν
1343 1771 1433 1800 των
1472 1754 1647 1800 δούλων
1675 1754 1833 1799 επανα-

426 1807 616 1862 στάσεως
652 1811 856 1868 εγένοντο
884 1831 997 1858 κατα
1034 1813 1115 1870 τήν
1147 1812 1333 1856 Ἰταλίαν
1355 1813 1532 1864 πλείους
1561 1810 1830 1862 ἀποστάσεις

422 1863 722 1923 ὀλιγοχρόνιοι
749 1871 824 1914 καὶ
840 1871 1030 1940 μικραί,
1055 1869 1261 1942 καθάπερ
1290 1873 1371 1912 τοῦ
1402 1870 1636 1924 δαιμονίου
1666 1880 1826 1925 προση·
1813 1880 1898 1916 ·530

427 1926 668 1978 μαίνοντος
708 1926 759 1970 vd
797 1926 984 1983 μέγεθος
1020 1931 1097 1984 τῆς
1125 1926 1337 1982 ἐσομένης
1366 1926 1478 1969 κατὰ
1507 1925 1588 1982 τὴν
1618 1926 1828 1969 Σικελίαν

341 1980 399 2024 95
429 1980 782 2035 ἐπαναστάσεως,
816 1985 968 2057 πρώτη
998 1985 1077 2040 μὲν
1105 1983 1134 2040 ἡ
1163 1983 1264 2037 περὶ
1292 1983 1560 2037 Νουκερίαν,
1591 1982 1830 2037 τριάκοντα

427 2038 611 2082 οἰκετῶν
640 2043 922 2110 συνωμοσίαν
949 2039 1258 2110 ποιησαμένων
1286 2039 1362 2084 καὶ
1380 2039 1488 2094 ταχὺ
1508 2039 1829 2090 κολασθέντων,

427 2095 610 2164 δευτέρα
637 2114 665 2153 η
695 2098 797 2153 περὶ
831 2115 912 2168 την
941 2098 1154 2168 Καπύην,
1195 2097 1434 2140 διακοσίων
1464 2097 1646 2140 οἰκετων
1675 2095 1830 2139 έπανα·

428 2150 626 2195 στάντων
664 2155 739 2197 καὶ
775 2171 882 2210 ταχυ
923 2154 1274 2198 καταλυθέντων.
1324 2153 1447 2223 τρίτη
1493 2152 1539 2195 δε
1579 2151 1831 2206 παράδοξος

428 2207 582 2264 γέγονέ
611 2225 687 2260 τις.
717 2206 774 2267 ἧν
807 2214 934 2263 Τίτος
963 2213 1136 2255 Μενουί
1138 2226 1253 2261 τιος,
1291 2208 1446 2259 ἱππεὺς
1474 2209 1554 2280 μὲν
1578 2208 1828 2264 Ρωμαίων,

319 2270 402 2312 100
431 2266 793 2320 μεγαλοπλούτου
823 2269 871 2312 δὲ
899 2268 1065 2323 πατρὸς
1092 2272 1208 2318 παῖς.
1248 2270 1379 2317 οὗτος
1405 2263 1582 2322 η’ράσθη
1617 2271 1831 2335 θεραπαι-

428 2323 551 2373 νίδος
580 2321 812 2380 ἀλλοτρίας
834 2324 985 2370 κάλλει
1014 2322 1337 2394 διαφερούσης.
1354 2323 1619 2378 συμπλακεὶς
1649 2321 1689 2366 δ’
1716 2319 1830 2378 αὐτῇ

429 2378 507 2422 καὶ
544 2380 604 2431 εἰς
645 2381 787 2451 ε’ρωτα
834 2380 1090 2437 παράδοξον
1140 2380 1278 2450 αὐτῆς
1319 2379 1519 2435 ἐμπεσων
1567 2377 1830 2449 ἐξηγόρασεν

430 2433 594 2493 αὐτήν,
624 2437 743 2483 οὕτω
770 2442 855 2484 τοῦ
891 2455 936 2484 τε
964 2438 1219 2496 μανιώδους
1255 2436 1419 2493 ἔρωτος
1456 2436 1722 2494 βιαζομένου
1753 2434 1829 2479 καὶ

431 2569 492 2605 w.
515 2569 575 2617 δε]
597 2570 638 2609 δε
661 2570 724 2610 καὶ
745 2575 803 2609 vel
825 2573 887 2610 καὶ
910 2574 1022 2610 Amet.
1155 2569 1420 2619 Ἰουγούρθαν]
1431 2568 1680 2627 ’Ῑουγούργαν
1703 2570 1827 2611 Amat,

432 2613 602 2664 Ἰουργὰν
626 2620 657 2654 Α
769 2621 827 2656 89
852 2619 942 2667 πρὸ]
968 2619 1063 2666 πρὸς
1083 2619 1194 2655 Amst.
1314 2619 1373 2654 90.
1397 2614 1465 2664 τήν
1489 2620 1535 2654 Σ
1559 2618 1603 2664 A,
1627 2616 1757 2652 caeteri
1780 2617 1828 2653 Σ.

508 2687 590 2723 530.
614 2687 672 2724 92.
695 2690 1031 2738 προσημαίνοντος]
1057 2687 1380 2748 προσηβαίνοντος
1398 2687 1509 2724 Amet.
1619 2685 1679 2722 93.
1705 2683 1830 2728 ε’σομέ-

434 2735 514 2780 νης]
541 2733 723 2781 ἑπομένης
746 2738 778 2773 Β
949 2737 985 2774 2.
1015 2736 1077 2775 καὶ
1101 2736 1153 2780 εἰς
1177 2737 1228 2782 Α,
1252 2734 1382 2773 caeteri
1406 2734 1457 2777 εἰς
1637 2733 1671 2768 8.
1697 2733 1768 2768 τοῦ
1790 2741 1828 2766 τε

432 2784 478 2822 A,
503 2784 632 2819 caeten
656 2796 693 2820 τε
