1968 3346
378 247 678 289 EXCERPT4
710 247 996 290 VATchNA
1026 250 1523 295 L.XXX11.103

121 360 267 404 ἐλθεῖν
297 360 358 411 εἰς
387 357 627 430 σύλλογον,
664 359 740 402 καὶ
768 358 879 403 κατὰ
908 359 987 410 τὰς
1014 359 1192 412 ἐντολὰς
1221 365 1306 405 τοῦ
1333 373 1515 436 στρατη-

120 421 206 477 γοῦ
229 417 458 487 προέτεινε
496 419 558 472 τῷ
574 413 830 485 Ασδρούβᾳ
868 413 992 471 αύτῷ
1025 433 1069 460 τε
1108 417 1183 461 καὶ
1222 417 1326 461 δέκα
1357 420 1515 471 οἰκίαις

122 477 190 524 αἱς
220 474 277 517 ἂν
307 473 520 540 βούληται
559 469 804 541 ἀσφάλειαν
834 473 906 515 καὶ
948 461 1121 526 δωρεάν
1149 474 1376 518 ταλάντων
1406 476 1512 520 δέκα

120 531 210 575 καὶ
230 533 371 574 δοῦλα
411 528 590 583 σώματα
629 527 800 573 ἑκατόν.
849 528 873 573 ὁ
914 529 960 572 δὲ
987 528 1251 586 Ἀσδρούβας
1291 529 1509 589 ἀπεκρίθη

121 586 333 657 μηδέποτε
367 584 611 637 ἐπόψεσθαι
649 585 727 628 τὸν
762 584 890 642 ἥλιον
927 587 1290 657 πυρπολουμένῃς
1325 592 1401 659 τῆς
1429 605 1508 633 πα-
1536 598 1564 640 5

121 645 269 713 τρίδος
299 642 458 686 ἑαυτόν
488 642 834 714 διασωζόμενον,
869 642 943 686 καὶ
972 648 1064 694 τοῖς
1095 642 1173 697 μὲν
1202 644 1350 698 λόγοις
1376 644 1507 700 ἐθρα-

121 699 298 752 σύνετο,
339 698 412 742 διὰ
443 699 489 742 δὲ
531 702 620 741 τῶν
650 699 788 754 ἔργων
818 699 1030 769 ἐφωράθη
1070 699 1420 753 διαδιδράσκων,
1460 702 1508 754 ὅς

118 772 167 811 γε
206 756 280 799 καὶ
318 759 396 810 τῆς
433 752 644 827 πατρίδος
685 755 818 811 ούσης
865 756 912 799 έν
950 754 1304 812 ἀπεγνωσμέναις
1342 758 1509 802 ἐλπίσιν

119 812 290 868 ἐτρύφα
320 811 487 863 πότους
517 811 728 866 ἀκαίρους
758 811 966 881 συνάγων
1005 813 1080 858 καὶ
1108 817 1322 881 πολυτελῆ
1352 816 1507 859 δεῖπνα

118 874 260 913 ποιῶν
297 869 372 912 καὶ
413 869 617 921 δευτέρας
665 869 876 923 τραπέζας
922 868 1220 940 ὑπερηφάνως
1260 871 1565 939 διατιθέμε-ῙΟ

117 943 210 977 νος.
252 926 327 969 καὶ
358 926 402 968 οἷ
439 924 518 979 μὲν
556 929 726 968 πολῖται
769 929 884 984 λιμῷ
914 924 1217 998 ᾆπέθνησκον,
1259 925 1284 970 6
1317 927 1364 970 δὲ
1395 928 1508 981 πρὸς

118 988 210 1033 τοῖς
240 981 388 1032 άλλοις
415 987 568 1031 κακοῖς
596 981 749 1051 ἐφόρει
775 982 1019 1038 πορφύραν
1051 985 1126 1027 καὶ
1155 988 1373 1039 πολυτελῆ
1401 990 1508 1040 χλα-

119 1039 259 1095 μύδα,
297 1037 500 1093 καθάπερ
541 1037 817 1094 έκβακχεύων
846 1045 938 1091 τοῖς
966 1044 1042 1096 τῆς
1070 1041 1282 1097 πατρίδος
1319 1043 1509 1099 δυςκλη-

118 1096 322 1154 ρήμασιν.

40 1191 44 1228 '.
231 1176 344 1216 VIII.
363 1172 462 1216 “On
491 1189 603 1217 κατα
619 1172 699 1229 τὴν
719 1173 884 1218 ἅλωσιν
907 1178 985 1231 τῆς
1009 1175 1295 1232 Καρχηδόνος
1324 1174 1348 1221 ὁ
1379 1187 1503 1229 στρα-
1490 1180 1563 1223 -15

116 1232 250 1288 τηγὸς
278 1234 354 1286 τῆς
384 1232 713 1300 μεγαλοψυχίας
738 1230 768 1287 ἢ
797 1236 963 1286 μᾶλλον
987 1235 1278 1291 μεγαλαυχίας
1301 1232 1506 1276 ἐπιλαθό-

118 1305 250 1345 μενος
288 1287 364 1331 καὶ
401 1285 507 1337 τούς
547 1284 823 1343 αὐτομόλους
860 1291 1117 1332 καταλιπών
1149 1306 1227 1346 ηκε
1257 1288 1368 1343 πρὸς
1397 1294 1506 1333 Σκι-

118 1347 262 1388 πίωνα
293 1340 395 1398 μεθ’
429 1344 657 1398 ικετηρίας.
701 1345 958 1398 προςπεσών
998 1346 1044 1390 δὲ
1080 1351 1175 1398 τοῖς
1202 1345 1361 1401 γόνασι
1398 1346 1505 1400 μετὰ

118 1400 326 1458 δακρύων
345 1403 493 1442 πᾶσαν
511 1399 713 1466 δεητικὴν
733 1400 972 1457 προέμενος
994 1404 1053 1454 εἰς
1071 1402 1350 1473 συμπάθειαν
1369 1401 1503 1459 ἤγαγε

45 1482 47 1506 2
118 1459 196 1502 τὸν
235 1449 478 1501 Σκιπίωνα.
528 1453 552 1499 6
596 1457 641 1500 δὲ
679 1458 983 1513 παρακαλέσας
1023 1459 1162 1503 αὐτὸν
1202 1460 1392 1530 θαῤῥεῖν
1428 1460 1561 1508 καὶ20

43 1514 47 1539 '³
116 1515 231 1585 πρὸς
266 1530 370 1564 τους
401 1511 750 1566 συνεδρεύοντας
788 1517 948 1569 φίλους
988 1517 1121 1560 εἰπών
1157 1511 1298 1584 Οὗτός
1331 1517 1447 1561 ἐστιν
1477 1514 1501 1560 ὁ

116 1570 332 1626 πρότερον
363 1568 421 1625 μὴ
434 1570 768 1638 βουλόμενος’
752 1572 822 1615 επὶ
850 1577 1031 1625 πολλοῖς
1059 1572 1393 1646 φιλανθρώποις
1422 1584 1502 1616 σω-

42 1635 47 1649 ²
117 1631 276 1698 θῆναι
305 1625 526 1682 τοσαύτην
542 1626 786 1695 μεταβολὴν
815 1626 842 1683 ἡ
873 1627 981 1685 τύχη
1009 1632 1084 1674 καὶ
1114 1629 1337 1685 δύναμιν’
1324 1630 1406 1686 ε’χει
1424 1633 1504 1673 πᾶ-

118 1697 202 1731 σαν
233 1682 522 1739 ἀνθρωπίνην
549 1682 772 1741 ὑπεροχὴν
802 1684 1065 1738 ἀνελπίστως
1093 1686 1364 1744 σφάλλουσα.

42 1802 44 1810 Ι
217 1751 317 1794 Ὀτι
345 1754 422 1806 τῆς
451 1750 739 1820 Καρχηδόνος
777 1751 1097 1810 ἐμπρησθείσης
1125 1757 1216 1799 καὶ
1230 1759 1306 1811 τῆς
1336 1754 1558 1824 φλογός25

46 1811 51 1855 J·
118 1808 296 1852 ἅπασαν
334 1807 414 1863 τήν
445 1805 575 1851 πόλιν
605 1813 962 1879 καταπληκτικως
993 1811 1313 1883 λυμαινομένης
1343 1811 1367 1856 ὁ
1398 1816 1503 1855 Σκι

45 1867 52 1902 ⁸?
115 1867 230 1908 πίων
260 1863 590 1932 ἅπροςποιήτως
618 1863 840 1920 ἐδάκρυεν.
872 1868 1104 1924 ερωτηθεὶς
1131 1869 1176 1913 δὲ
1200 1868 1288 1912 ὑπὸ
1313 1872 1396 1912 τοῦ
1416 1873 1504 1912 Πο-

49 1975 51 1978 ⁴
117 1924 277 1978 λυβίου
315 1920 546 1965 ἐπιστάτου
582 1922 702 1973 τίνος
742 1938 869 1967 ενεκα
904 1928 1037 1969 τοῦτο
1066 1924 1222 1981 πάσχει
1251 1923 1342 1969 εἷπε
1370 1923 1503 1969 Διότι

117 1983 195 2035 τῆς
223 1977 335 2022 κατὰ
355 1976 434 2033 τὴν
455 1975 592 2033 τύχην
609 1980 880 2050 μεταβολῆς’
866 1979 1045 2024 ε’ννοιαν
1062 1982 1293 2052 λαμβάνω·
1325 1982 1504 2025 ε’σεσθαι

116 2036 205 2105 γάρ
231 2037 336 2086 ι’σως
364 2034 467 2078 ποτέ
497 2051 597 2077 τινα
624 2034 784 2089 καιρόν
814 2036 862 2080 ἐν
891 2033 926 2091 ᾧ
952 2037 1001 2081 τό
1025 2038 1333 2095 παραπλήσιον
1355 2036 1560 2107 πάθος30

116 2090 300 2147 ὑπάρξει
339 2090 449 2135 κατὰ
483 2089 668 2160 Ῥωμης·
714 2092 789 2136 καὶ
826 2094 1015 2146 τούτους
1053 2097 1226 2152 στίχους
1262 2094 1385 2151 παρὰ
1422 2099 1503 2141 τοῦ

117 2152 305 2206 ποιητοῦ
333 2145 659 2204 προηνέγκατο,

259 2263 337 2297 103.
361 2263 397 2298 2.
428 2260 580 2304 οἰκίαις]
606 2262 690 2295 Cod.
715 2261 847 2303 οἰκίας.
879 2266 975 2298 MAI.

258 2309 337 2343 103.
359 2310 393 2343 6
428 2306 712 2363 διασωζόμενον]
738 2308 1014 2354 διασωσόμενον
1038 2311 1096 2345 ed.
1118 2313 1221 2347 Rom.

257 2355 338 2389 103
366 2357 420 2389 10.
452 2353 724 2407 διατιθέμενος]
753 2369 834 2390 usus
858 2360 1012 2413 postulat
1034 2356 1342 2403 παρατιθέμενος.

260 2401 327 2434 103
368 2401 421 2433 12
455 2398 673 2457 πορφύραν]
672 2401 902 2481 Βπορφυραν
926 2405 981 2439 ed.
1005 2406 1108 2438 Rom.

260 2447 338 2481 103
364 2447 420 2481 16.
453 2441 494 2491 ἢ]
518 2444 565 2490 δὴ
591 2447 647 2480 ed
672 2449 776 2482 R.om

211 2546 291 2582 103.
316 2546 373 2580 14
406 2547 445 2580 ln
468 2546 537 2580 hac
560 2549 595 2581 et
615 2547 752 2591 reflqua
775 2560 1018 2593 supremarum
1037 2549 1262 2594 Carthagims
1284 2561 1402 2585 rerum
1420 2561 1503 2585 nm·-

119 2592 255 2627 ratione
284 2597 434 2626 nectatur
458 2593 634 2626 Diodorus
664 2606 762 2628 more
794 2607 856 2628 suo
887 2595 1078 2651 Polybium
1101 2596 1266 2631 XXXIX.
1291 2598 1325 2631 2.
1345 2609 1418 2640 sqq
1451 2597 1503 2632 ita

120 2647 234 2674 tamen
260 2643 299 2672 ut
322 2639 403 2672 aliis
426 2639 542 2672 verbis
563 2643 700 2681 utatur,
725 2644 760 2674 et
781 2653 836 2674 res
859 2641 951 2685 ipsas
972 2642 1146 2677 interdum
1168 2642 1291 2677 variet.
1324 2643 1421 2678 MAI.

212 2685 292 2719 103.
316 2685 372 2718 28.
409 2682 620 2729 ἐπιστάτου]
647 2686 764 2720 Huius
786 2688 949 2723 vocabun
967 2699 1034 2722 non
1050 2700 1157 2722 unum
1176 2700 1250 2722 esse
1265 2688 1502 2733 signina-atum

109 2730 260 2771 acimum
291 2742 311 2764 o
334 2731 460 2774 quihus
490 2743 656 2775 praesens
682 2732 859 2773 posuimus
888 2734 999 2768 secuti
1022 2735 1299 2779 etymologiam3
1333 2735 1504 2789 magister

108 2787 214 2815 vero.
233 2776 334 2833 quia
366 2777 442 2832 ipse
465 2777 634 2822 Polybius
652 2779 819 2814 XXXIX.
844 2779 878 2814 3.
913 2791 990 2815 rem
1022 2781 1175 2816 eandem
1207 2791 1373 2824 narrans,
1405 2780 1504 2816 addit

110 2823 173 2858 καὶ
197 2820 269 2866 γὰρ
294 2818 341 2866 ἦν
367 2820 488 2858 αὐτοῦ
510 2823 574 2859 καὶ
599 2823 832 2865 διδάσκαλος.
864 2826 964 2862 ΜΑ.Ι

202 2868 583 2905 103.32.nia‹1.u.
607 2870 687 2906 418.
721 2872 819 2907 MAI
