1968 3346
498 195 582 239 EX
611 196 662 239 A.
693 196 823 239 MAII
853 196 1272 242 PRAEFATIONE.
1548 215 1579 244 v

190 309 294 366 quia
328 308 548 366 principio
591 309 679 350 suis
710 323 935 365 quemque
955 324 1138 356 *annum
1168 311 1273 353 locis
1303 312 1350 353 in
1378 327 1577 370 margme

189 380 378 422 scribere
415 393 515 421 sum
556 380 730 424 oblitus.
794 380 1062 437 Palimpsesti
1099 397 1279 439 quoque
1317 385 1575 427 restitutum

188 466 213 493 a
241 466 315 493 me
347 450 548 492 ordinem
577 451 623 491 in
653 450 809 492 tabella
841 452 1041 509 exposui,
1096 451 1208 492 ltem
1231 453 1277 493 in
1303 454 1477 496 scholiis
1499 457 1574 498 do-

186 521 256 562 cui
299 536 433 577 quam
474 520 677 562 sollerter
705 521 929 563 Diodorus
959 522 1198 578 Polybium
1238 539 1369 581 saepe
1409 526 1574 582 expila-

184 593 307 634 verit.
365 591 654 647 Florilegium
686 591 874 648 denique
905 593 1154 635 vaticanum
1192 592 1260 646 (de
1289 609 1379 650 quo
1409 595 1572 651 loquar

183 663 229 704 in
256 662 409 704 Dionis
438 662 611 720 notitia)
643 663 724 704 alia
754 671 948 719 quatuor
968 662 1153 703 Diodori
1182 662 1430 718 fragmenta
1459 667 1570 708 mihi

184 732 359 784 obtulit,
377 749 487 790 quae
503 749 600 775 sero
619 734 790 789 cognita
808 749 904 791 pag.
922 736 1003 777 568
1015 739 1161 779 -569
1180 734 1406 792 descripsi:
1436 737 1570 778 aliud-

181 819 268 861 que
296 804 363 846 his
394 804 626 856 subtexui,
658 804 778 860 quod
808 804 961 845 Suidas
991 819 1271 861 anonymum
1300 807 1476 860 recitat,
1507 810 1570 851 id-

180 890 322 932 eoque
352 876 407 918 ad
428 876 678 917 Diodorum
709 890 841 917 nemo
872 875 1108 917 retulerat:
1141 890 1258 917 nunc
1287 892 1391 920 vero
1425 894 1568 934 quum

179 947 297 988 idem
328 947 462 994 mihi,
494 947 571 988 etsi
602 947 827 1002 aliquanto
859 947 1148 993 contractius,
1190 947 1236 987 in
1266 948 1462 990 vaticano
1494 966 1567 1006 pa-

177 1017 406 1075 limpsesto
447 1017 564 1058 inter
606 1015 773 1071 eclogas
804 1017 988 1058 Diodori
1023 1033 1068 1073 p.
1099 1022 1299 1062 28—29.
1342 1018 1433 1072 (ubi
1461 1021 1568 1063 vide

176 1096 334 1130 annot.
367 1095 576 1129 nostram
595 1102 652 1143 p.
687 1090 755 1131 31.
787 1093 826 1131 2.
867 1087 935 1129 ecl.
963 1086 1114 1144 Lips.)
1158 1088 1439 1142 occurrisset,
1481 1092 1567 1133 sui·

174 1158 307 1199 deum
341 1157 495 1198 locum
525 1157 711 1198 Diodori
743 1172 832 1199 esse
860 1159 1070 1214 cognovi,
1102 1167 1235 1215 atque
1265 1159 1318 1200 ad
1349 1159 1469 1202 hunc
1498 1177 1565 1204 re-

172 1228 474 1286 petundarum
501 1228 599 1269 iure
627 1228 809 1271 retraxi.
883 1230 1021 1271 Grato
1051 1230 1190 1286 igitur
1221 1231 1369 1272 animo
1403 1234 1563 1276 eruditi

170 1298 374 1341 homines
403 1299 655 1342 Diodorum
686 1314 710 1341 a
738 1299 965 1356 pontificia
984 1300 1248 1342 bibliotheca
1272 1309 1450 1343 auctum
1484 1318 1563 1344 ex-

169 1370 360 1427 cipiant3
394 1386 417 1413 a
436 1385 522 1426 qua
542 1368 755 1426 primitus
782 1385 961 1426 quoque
989 1370 1035 1411 in
1064 1370 1210 1412 lucem
1240 1373 1420 1428 prodiit.
1469 1374 1560 1415 Pri-

166 1456 269 1483 mus
301 1442 418 1483 enim
446 1441 608 1497 Pogius
639 1440 750 1482 dum
780 1440 964 1482 Nicolao
989 1442 1043 1483 V.
1076 1457 1096 1483 a
1127 1443 1298 1483 secretis
1332 1451 1454 1495 esset,
1487 1445 1558 1487 iu—

166 1511 299 1554 bente
329 1520 370 1554 et
397 1515 462 1554 rei
491 1513 668 1569 copiam
699 1512 1012 1569 suppeditante
1044 1513 1314 1554 sanctissimo
1344 1513 1556 1567 Domino,

162 1582 303 1627 libros
343 1584 539 1639 quinque
576 1583 750 1640 prlores
788 1583 974 1624 Diodori
1015 1582 1138 1624 siculi
1177 1582 1336 1624 latinos
1375 1584 1482 1626 fecit
1513 1594 1555 1627 et
1612 1636 1615 1640 s

165 1653 320 1695 edidit:
353 1654 474 1708 quod
503 1653 781 1710 praeclarum
811 1652 980 1694 factum
1010 1652 1179 1694 frustra
1205 1653 1474 1711 Opsopocus
1504 1656 1552 1696 in

164 1725 352 1766 dubium
401 1724 640 1775 revocavit,
695 1723 772 1779 qui
815 1723 1018 1781 profecto
1069 1724 1189 1779 Pogii
1233 1725 1552 1780 praefationem

162 1797 499 1854 principemque
543 1794 802 1846 editionem,
847 1809 932 1851 qua
980 1810 1059 1851 ego
1112 1802 1238 1847 utor,
1291 1811 1383 1840 non
1423 1813 1550 1855 aspa„

161 1875 301 1910 xerat.

579 2168 626 2210 p.
656 2151 1120 2195 XXXI.—XXX1H.

251 2288 349 2336 DE
397 2287 943 2338 PALIMPSESTO
989 2285 1440 2338 HISTORICO.

238 2501 543 2555 Postulabunt,
563 2502 706 2554 credo,
727 2502 910 2545 lectores
928 2510 980 2544 ut
996 2503 1048 2544 de
1069 2503 1214 2545 codice
1231 2502 1534 2560 palimpsesto,

153 2576 229 2632 qui
253 2575 331 2615 has
355 2573 481 2615 nobis
501 2573 821 2615 historicorum
854 2574 1023 2616 divitias
1047 2574 1367 2631 suppeditavit,
1399 2573 1533 2631 paulo

154 2647 396 2689 accuratius
445 2644 600 2685 dicam.
658 2644 736 2685 Est
775 2643 861 2685 hoc
908 2644 1120 2686 volumen
1167 2644 1342 2686 formae
1391 2658 1535 2701 prope

153 2715 399 2765 maximae,
430 2715 593 2757 cursim
624 2714 807 2770 quidem
836 2714 1084 2757 minoribus
1106 2715 1260 2756 litteris
1281 2714 1355 2756 sed
1384 2721 1533 2755 tamen

152 2784 418 2841 elegantibus
469 2787 709 2843 scriptum,
757 2785 927 2828 saeculo
978 2786 1147 2830 circiter
1189 2785 1382 2837 decimo,
1430 2799 1534 2827 cum
