1968 3346
389 202 692 245 EXGERPTA
719 200 1004 245 VATICANA
1032 199 1255 244 L.XX111.
1464 205 1524 247 55

132 327 218 360 σαν
245 318 389 360 ποιεῖν
416 315 466 358 τὸ
497 312 884 385 προςταττόμενον
920 313 994 357 καὶ
1022 317 1109 357 νῦν
1139 330 1194 357 αν
1223 312 1520 383 Καρχηδόνιοι

131 373 206 417 διὰ
233 376 370 416 ταῦτα
397 377 573 441 μαθεῖν
589 369 750 421 αὐτοὺς
777 376 1040 440 ναυμαχεῖν,
1071 369 1178 426 ταχὺ
1195 387 1301 423 τους
1319 372 1519 430 μαθητάς

130 434 222 474 τῶν
250 428 528 474 διδασκάλων
557 427 742 479 ὄψονται
771 426 1146 484 περιγενομένους.

244 512 297 551 ΙΙ.
324 508 423 552 ’Ότι
451 511 540 551 τῶν
562 508 879 578 Καρχηδονίων
908 506 1148 575 στρᾘατηγὸς
1165 504 1367 578 Ἀννίβας
1394 505 1517 577 ἡττη-

130 566 225 618 θεὶς
263 566 483 637 ναυμαχίᾳ
515 565 588 608 καὶ
619 564 900 620 φοβούμενος
939 562 996 619 μὴ
1037 563 1110 607 διὰ
1145 563 1224 619 τὴν
1259 566 1394 620 ἡτταν
1422 562 1513 607 ὐπὸ
1542 566 1570 609 5

131 627 208 692 τῆς
245 624 477 677 γερουσίας
514 620 621 679 τύχῃ
659 623 869 677 τιμωρίας
905 620 1092 676 τέχνημα
1123 619 1258 663 ἐποίει
1297 624 1514 664 τοιοῦτον.

131 678 348 724 απέστειλὲ
377 695 477 722 τινα
505 682 594 721 τῶν
632 680 775 733 φίλων
814 679 873 728 είς
904 675 1170 746 Καρχηδόνα
1201 676 1309 727 δούς
1338 677 1515 728 ἐντολὰς

130 737 182 787 ἅς
211 751 314 779 ποτε
346 736 491 787 ε’δοξεν
527 733 645 791 αὐτῷ
685 734 937 790 συμφέρειν.
979 732 1003 777 ὁ
1038 735 1083 778 δὲ
1113 732 1414 784 καταπλεύσας
1453 735 1513 785 εἰς

128 796 208 849 τὴν
246 791 379 835 πόλιν
419 792 492 835 καὶ
530 792 640 845 πρὸς
675 792 756 849 τὴν
791 793 1027 860 γερουσίαν
1057 791 1269 846 είςαχθεὶς
1299 788 1416 835 εἶπεν
1446 791 1513 834 ὅτι

127 848 389 903 προςέταξεν
431 847 629 904 Ἀννίβας
669 825 883 905 ἐρωτῆσαι
932 846 1017 918 τὴν
1049 847 1216 904 βουλήν
1268 849 1304 891 εἰ
1350 847 1571 894 κελεύειῙΟ

127 911 404 962 ναυμαχῆσαι
436 908 678 956 διακοσίαις
711 906 843 948 ναυσὶ
872 903 981 958 πρὸς
1006 902 1233 959 Ῥωμαίων
1271 904 1428 947 ἑκατὸν
1458 905 1514 948 εἴ-

127 968 363 1008 nom-1031)
394 964 439 1005 δε
454 961 809 1032 ἀναβοησάντων
829 963 901 1005 καὶ
922 961 1221 1007 κελευσάντων
1246 965 1511 1031 Τοιγαροῦν,

128 1020 236 1089 ε’φη,
266 1018 564 1089 νεναυμάχηκε
593 1020 667 1062 καὶ
695 1017 930 1075 ἡττήμεθα
961 1017 1128 1069 ἐκεῖνος
1158 1018 1204 1062 δε
1232 1016 1357 1090 ὑμῶν
1386 1034 1513 1072 προς·

127 1076 352 1128 ταξαντων
392 1075 651 1121 ἆπολέλυται
691 1079 767 1131 τῆς
809 1077 959 1126 αἰτίας.
1018 1073 1041 1120 ὁ
1081 1075 1161 1131 μὲν
1201 1071 1285 1118 οὖν
1310 1074 1514 1130 Ἀννίβας

127 1133 255 1185 εἰδως
284 1132 388 1183 τούς
417 1134 596 1183 πολίτας
624 1132 671 1176 ἐκ
691 1137 780 1175 τῶν
801 1131 1167 1204 ἀποτελεσμάτων
1181 1136 1511 1188 συκοφανωυν·
1497 1137 1569 1183 ·15

125 1207 204 1242 τας
232 1207 339 1240 τους
369 1188 638 1246 στρατηγοὺς
662 1188 849 1249 τοιούτῳ
876 1188 1022 1250 τρόπω
1047 1189 1124 1245 τὰς
1151 1189 1359 1246 ἐσομένας
1387 1205 1513 1248 κατη-

126 1248 282 1305 γορίας
306 1245 573 1298 ὑπεξείλατο.

240 1314 575 1384 διαβεβλημένοι
613 1313 713 1388 γὰρ,
739 1315 786 1359 ἐν
825 1320 917 1366 τοῖς
946 1314 1165 1368 πρότερον
1196 1312 1422 1383 κινδύνοις
1452 1310 1512 1365 ὥς

125 1373 184 1416 ἂν
213 1375 303 1416 τῶν
331 1371 644 1442 ἐλαττωμάτων
666 1373 798 1416 αι’τιοι
826 1370 1053 1427 γεγονότες
1082 1371 1294 1416 ε’σπευδον
1314 1369 1386 1414 δια
1405 1369 1514 1413 ταύ-

124 1446 202 1486 της
229 1430 475 1485 ναυμαχίας
505 1426 843 1485 ἀνακτήσασθαι
871 1428 948 1481 τὰς
966 1429 1065 1484 περὶ
1088 1428 1258 1472 τούτων
1289 1425 1508 1485 διαβολάς.
1511 1441 1569 1483 20
1638 1478 1642 1487 Ι

240 1510 312 1551 III.
343 1506 474 1551 ου’δεν
504 1505 549 1551 δ’
582 1506 697 1551 οὕτω
727 1505 1068 1577 καταπλήττεται
1095 1524 1175 1559 τας
1200 1506 1374 1578 ψυχας
1373 1524 1432 1558 ως
1460 1506 1510 1552 τὸ

125 1562 372 1622 ηττηθῆναι
421 1568 515 1615 τοῖς
553 1566 889 1635 Καρχηδονίοις
938 1564 1179 1631 δυνάμενοι
1223 1581 1307 1619 γαρ
1349 1564 1512 1620 ρᾳδίως

128 1624 388 1690 διαφθεῖραι
422 1620 504 1677 τὴν
547 1621 760 1691 ναυτικήν
797 1620 988 1676 δύναμιν
1027 1625 1116 1665 τῶν
1153 1622 1373 1691 πολεμίων
1410 1620 1512 1675 περὶ

127 1679 207 1722 τόν
252 1676 507 1722 κατάπλουν
544 1676 648 1723 οὐδὲ
695 1678 973 1750 ἐπεχείρησαν
1010 1677 1196 1729 τούτους
1235 1676 1507 1747 ἀμύνασθαι.

128 1734 366 1790 τριάκοντα
402 1751 486 1805 γαρ
525 1735 658 1778 ναυσὶ
692 1739 782 1779 τῶν
805 1734 1030 1804 Ῥωμαίων
1058 1733 1428 1790 προςφερομένων
1455 1737 1568 1805 τῇ25

127 1809 250 1851 χωρα
287 1791 364 1839 καὶ
391 1789 496 1848 μήτε
534 1790 692 1844 τάξεως
721 1790 826 1851 μήτε
855 1790 1130 1849 συστήματος
1160 1791 1303 1850 ἁδροῦ
1338 1807 1512 1853 γενομε-

266 1916 326 1952 55.
349 1916 384 1951 2.
414 1914 633 1972 ναυμαχεῖν]
658 1917 740 1951 huic
763 1917 864 1952 deest
883 1913 1129 1963 ἅναγκασωσι.

265 1963 323 1997 55.
349 1963 383 1997 5-
415 1957 527 2017 υπὸ]
530 1960 604 1997 απὸ
629 1963 684 1996 e.d
710 1965 810 1998 Rom.

267 2010 325 2044 55.
350 2010 383 2043 8.
416 2005 475 2052 ἅς]
502 2004 527 2042 ἅ
550 2009 603 2042 ed
631 2011 731 2043 Rom.

266 2055 410 2089 55.11.
442 2054 621 2098 μαχῆσαι]
650 2055 775 2098 incipit
799 2055 930 2088 codicis
955 2067 988 2100 p.
1014 2055 1091 2090 167.

269 2101 326 2135 55-
355 2102 409 2135 16.
445 2098 682 2157 στρατηγοὺς]
711 2111 937 2143 amaricatus
962 2102 1017 2135 ed.
1042 2104 1143 2135 Rom.

265 2147 324 2183 55.
347 2147 406 2184 21.
437 2144 488 2188 ὡς
511 2146 553 2183 τὸ
578 2145 803 2192 ἡττηθῆναι]
839 2145 881 2182 τὸ
908 2144 1117 2194 ἡττηθῆναι
1139 2142 1190 2189 ὥς
1214 2146 1271 2183 ed.
1294 2148 1397 2183 Rom.
1444 2146 1515 2182 Sed

177 2200 215 2229 et
235 2191 327 2234 τούς
350 2195 630 2250 Καρχηδονίους
655 2194 899 2227 necessarium.

268 2240 325 2275 55.
348 2240 406 2275 26.
441 2238 576 2286 ἁδροῦ]
602 2237 722 2286 ἄδροιῖ
747 2241 802 2279 ed
824 2242 926 2280 Rom

222 2348 280 2386 55.
303 2351 338 2386 4.
375 2352 611 2388 Hannibalem
634 2353 730 2387 hunc
761 2352 939 2387 diversum
961 2362 1036 2385 esse
1058 2354 1093 2387 et
1121 2350 1353 2395 antiquiorem
1384 2359 1517 2395 magno

132 2398 352 2440 Hannibale,
383 2409 484 2433 nemo
508 2411 576 2434 non
610 2398 786 2443 iutelligit.
821 2400 920 2433 MAI.
965 2399 1082 2443 Quem
1104 2409 1138 2434 v.
1164 2398 1210 2435 ad
1230 2396 1381 2433 Dionem
1404 2396 1518 2431 histo,

131 2444 224 2479 riam
246 2445 390 2478 eandem
413 2451 611 2480 narrantem
635 2458 667 2489 p.
688 2445 770 2481 182.

223 2501 282 2537 55.
306 2501 363 2537 20.
406 2503 530 2536 Adhuc
565 2503 720 2546 loquitur
751 2505 875 2536 auctor
916 2502 959 2536 de
990 2498 1359 2546 Carthaginiensibusz
1392 2497 1520 2543 quibus

133 2549 263 2583 ducum
286 2547 497 2591 imperitiam
521 2550 706 2592 exprobrat
727 2548 834 2583 etiam
857 2547 1026 2594 Polybius
1045 2548 1072 2582 Ι.
1095 2547 1151 2581 31.
1175 2547 1234 2583 32.
1263 2546 1363 2579 MAI.

226 2604 283 2640 55.
307 2603 365 2639 25.
409 2606 507 2650 Ergo
537 2607 658 2651 agitur
688 2606 731 2640 de
763 2606 963 2640 excensione
992 2607 1235 2639 Romanorum
1274 2604 1309 2637 in
1343 2601 1516 2638 Siciliam.

133 2652 226 2688 Nam
247 2651 283 2686 in
306 2651 464 2686 Africam
484 2652 625 2695 quidem
646 2652 810 2688 trecentis
834 2657 868 2687 et
887 2651 1140 2696 quinquaginta
1161 2650 1308 2684 navibus
1341 2648 1518 2691 ingentem

134 2698 326 2732 exercitum
350 2698 635 2742 deportaverunt,
668 2699 722 2733 uti
753 2703 894 2733 narrant
924 2698 1101 2741 Appianus
1132 2696 1248 2749 punio.
1284 2707 1358 2738 cap.
1379 2695 1449 2735 111,
1483 2698 1517 2728 et

135 2745 311 2779 Diodorus
334 2744 509 2798 fragm.p
514 2744 621 2779 5,04.
653 2745 751 2780 MAI.
799 2744 927 2790 Agitur
949 2745 992 2778 de
1015 2741 1218 2777 excensione
1240 2742 1339 2776 Atilii
1363 2742 1398 2775 in
1422 2720 1516 2774 A'fri-

136 2802 258 2872 ῧιέΜ
270 2757 509 2874 ςυειᾹιᾱᾶΙΙιιοΡ
509 2771 583 2828 XL.
608 2802 715 2828 naves
737 2802 827 2828 anno
850 2791 948 2829 urbis
965 2789 1146 2826 ccccuc
1168 2788 1348 2835 appulisse
1378 2787 1518 2823 scimus.

281 2848 318 2872 m
