1968 3346
433 257 491 297 78
591 253 891 295 EXCERPTA
918 252 1202 296 VATICANA
1229 254 1278 296 L.
1299 253 1655 299 XXV1.-Xxx.

535 361 687 407 ’Ὅτι
663 382 687 408 ο
710 361 926 434 Ἀντίοχος
954 366 1064 418 πρὸς
1083 364 1136 408 τὰ
1158 363 1388 421 παράλογα
1414 369 1503 422 τῆς
1517 366 1648 439 τύχης
1673 370 1816 439 ἔκρινε

433 421 673 491 συμφέρειν
700 420 949 465 ἀποδοῦναι
970 426 1030 477 τῷ
1049 425 1265 466 Σκιπίωνι
1293 423 1374 467 τόν
1401 423 1521 476 υἱόν,
1551 427 1626 470 καὶ
1653 431 1817 471 τοῦτον

433 477 655 522 ἀπέστειλε
684 478 906 534 κοσμήσας
934 467 1186 522 πολυτελέσι
1216 485 1516 532 κατασκευαῖς.

533 545 633 589 ’Ότι
654 547 871 596 Φίλιππος
901 544 1092 600 ὠνείδιζε
1121 552 1214 598 τοῖς
1246 551 1476 600 Θετταλοῖς
1506 547 1567 601 ὥς
1595 553 1674 605 τῆς
1702 549 1818 594 ἐλευ-

405 603 586 672 ὄθερίας
604 601 870 654 ἀνελπίστως
892 602 963 646 διὰ
982 601 1216 675 Ρωμαίων
1225 604 1534 659 κυριεύσαντες
1555 608 1818 660 λοιδοροῦσι

431 660 537 710 τοὺς
545 658 887 730 προγεγονότας
916 662 1122 715 κυρίους,
1164 659 1247 704 οὐκ
1277 661 1438 712 εἰδότες
1468 660 1536 705 ὅτι
1576 662 1700 706 οὔπω
1732 667 1818 714 πᾶς

431 715 582 767 αὐτοῖς
618 715 641 760 6
680 717 815 786 ἥλιος
841 717 1004 760 δέδυκε.
1044 716 1210 760 τούτου
1249 718 1295 761 δε
1331 722 1413 761 τοῦ
1443 718 1579 774 λόγου
1611 718 1818 775 ριφέντος

430 772 623 817 υπόνοια
660 778 754 823 τοῖς
790 772 1034 817 ἁκούουσιν
1072 774 1284 825 εἰςέπεσεν
1323 773 1383 826 ὠς
1415 778 1637 818 Φιλίππου
1668 778 1818 820 διαπο-

429 829 692 886 λεμήσοντος
720 830 831 882 πρὸς
856 829 1116 901 Ῥωμαίους,
1150 832 1226 874 καὶ
1252 832 1613 901 παροξυνθέντες
1635 833 1817 886 ε’κριναν

377 889 537 943 1Ομηδε
540 889 644 943 μίαν
673 885 802 930 πόλιν
831 904 921 931 των
948 904 1058 931 κατα
1089 890 1379 932 Μακεδονίαν
1420 887 1570 933 ου’σων
1599 888 1711 945 ἔχειν
1741 891 1816 932 Φί-

430 949 605 988 λιππον.

544 1025 657 1066 XVI
691 1023 792 1067 ’Ὅτι
821 1021 846 1067 ὁ
876 1025 1076 1067 Σκιπίων
1106 1023 1178 1068 δια
1206 1023 1256 1068 vd
1287 1022 1473 1095 μέγεθος
1499 1040 1588 1068 των
1616 1024 1818 1080 ποαξεων
1828 1040 1874 1075 10

433 1079 672 1150 βαρύτερος
701 1081 904 1136 εφαίτετο
937 1085 1019 1124 τοῦ
1026 1086 1123 1151 τῆς
1152 1084 1362 1136 πατρίδος
1392 1079 1646 1137 αξιώματος.
1688 1099 1818 1152 κατη-

432 1137 703 1206 γορούμενος
740 1137 823 1192 γὰρ
863 1136 941 1181 ὑπ’
982 1136 1128 1181 αὐτῶν
1166 1141 1297 1194 δεινῷ
1326 1142 1507 1194 θανάτῳ
1544 1139 1818 1208 παραλαβων

380 1195 510 1241 15τὸν
548 1194 681 1249 λόγον
719 1199 851 1237 τοῦτο
891 1195 1033 1250 μόνον
1065 1193 1184 1238 εἶπεν
1220 1195 1286 1238 ὅτι
1311 1194 1540 1249 Ρωμαίοις
1571 1194 1625 1237 ου’
1639 1195 1816 1279 επρέπει

431 1250 526 1295 κατ’
560 1251 699 1294 αὐτοῦ
730 1252 879 1306 φέρειν
901 1255 1075 1306 ψηφον,
1109 1250 1168 1294 δι’
1204 1253 1258 1294 οὐ
1287 1253 1330 1294 οἵ
1354 1250 1592 1321 κατήγοροι
1614 1250 1817 1302 ἐξουσίαν

432 1309 580 1364 εχουσι
609 1307 748 1373 λέγειν
779 1307 885 1363 μετοὶ
909 1308 1170 1378 παῤῥησίας.
1201 1306 1363 1351 τούτου
1385 1307 1430 1351 68
1451 1307 1664 1363 ῥηθέντος
1687 1307 1710 1350 ὁ
1736 1307 1817 1362 μὲν

432 1368 569 1421 δῆμος
605 1363 720 1414 ἅπας
752 1365 974 1417 ἐντραπεὶς
1003 1364 1053 1407 τὸ
1091 1365 1228 1421 βάρος
1267 1368 1349 1408 τοῦ
1377 1363 1515 1419 λόγου
1552 1369 1816 1420 παραχρῆμα

431 1422 477 1465 ἐκ
516 1426 591 1477 τῆς
632 1423 858 1491 ἐκκλησίας
896 1420 1201 1477 απεχώρησεν,
1252 1419 1275 1464 ὁ
1319 1420 1365 1464 δε
1400 1437 1643 1477 κατηγορος
1679 1421 1818 1476 μόνος

374 1477 733 1550 Ξοάπολειφθεὶς
747 1476 943 1534 ἀπῆλθεν
974 1480 1034 1528 εἰς
1065 1478 1143 1534 τὴν
1170 1479 1316 1521 οἰκίαν
1337 1478 1707 1545 καταφρονηθείς.
1738 1477 1816 1520 πά-

430 1540 501 1579 λιν
521 1536 567 1579 δὲ
598 1536 643 1578 ἐν
672 1539 733 1593 τῷ
747 1537 979 1605 συνεδριῳ
1009 1538 1157 1590 χρείας
1186 1534 1455 1603 ἐμπεσούσης
1483 1550 1718 1604 χρηματων
1743 1534 1817 1577 καὶ

429 1596 510 1635 τοῦ
530 1594 688 1644 ταμίου
703 1590 757 1635 οὐ
780 1591 1029 1647 φάσκοντος
1051 1591 1238 1644 ανοίξειν
1257 1591 1421 1642 αὐτὸς.
1477 1608 1565 1660 ,χη
1595 1589 1672 1641 τὰς
1700 1595 1818 1641 κλεῖς

429 1648 788 1718 παρελαμβανεν,
830 1648 888 1700 ὠς
926 1653 1057 1692 τοῦτο
1093 1648 1293 1705 πραξειν·
1341 1646 1475 1699 αὐτὸς
1502 1664 1588 1703 γαρ
1629 1647 1703 1691 καὶ
1731 1650 1817 1690 τοῦ

429 1709 586 1749 κλείειν
614 1705 718 1757 τοὺς
748 1708 903 1761 ταμίας
932 1703 1144 1761 ὑπαρχειν
1173 1708 1325 1756 αἰ’.τιος
1355 1703 1486 1748 πάλιν
1517 1704 1564 1748 δέ
1597 1721 1718 1755 τινος
1747 1703 1817 1748 λό-

373 1779 513 1820 25γον
558 1762 695 1807 αὐτόν
734 1762 1027 1833 ἀπαιτοῦντος
1063 1763 1111 1806 ἐν
1140 1767 1202 1818 τῷ
1241 1763 1454 1821 συνεδρίῳ
1480 1760 1716 1831 χρημάτων
1755 1762 1818 1804 ὠν

430 1821 585 1876 ε’λαβεν
614 1822 675 1871 εἰς
703 1819 780 1871 τὰς
808 1836 897 1862 των
928 1823 1207 1873 στρατιωτῶν
1236 1808 1437 1868 δαπάνας
1458 1816 1709 1888 ὡμολόγησε
1736 1817 1818 1887 μὲν

429 1878 542 1933 ε’χειν
579 1878 656 1921 τὸν
688 1875 922 1933 λογισμόν,
962 1875 1116 1921 απεῖπε
1155 1877 1202 1920 δὲ
1230 1894 1288 1934 μη
1322 1873 1592 1919 ἀποδωσειν·
1637 1875 1692 1919 ου’
1729 1872 1817 1931 γὰρ

567 2004 704 2038 78.10.
739 2003 848 2051 κατὰ]
876 2017 920 2038 an
944 1999 1048 2038 vad?
1073 2009 1134 2037 aut
1158 2003 1290 2036 excidit
1313 2000 1364 2047 μή
1390 2008 1470 2047 post
1492 2013 1579 2035 των.

567 2051 703 2084 78.16.
739 2043 797 2093 οὗ]
834 2052 918 2084 Cod.
951 2045 1017 2096 ἧςς
1051 2062 1170 2084 errore
1193 2050 1362 2083 ineruditi
1392 2049 1550 2090 librarii,
1596 2048 1656 2093 qui
1693 2047 1818 2082 retulit

477 2097 523 2130 ad
545 2097 690 2139 ψῆφον.
725 2099 819 2130 MAI.

567 2144 622 2177 78.
647 2143 702 2176 22.
739 2140 799 2186 οὐ]
826 2143 999 2176 Particula
1017 2137 1064 2176 οὗ
1089 2140 1216 2175 deest·
1205 2152 1242 2174 m
1260 2140 1338 2174 cod.
1360 2140 1440 2185 quia
1459 2139 1595 2173 coaluit
1617 2151 1696 2173 cum
1716 2150 1818 2184 prae-

478 2189 625 2222 cedente
650 2201 707 2222 ov.
746 2191 841 2222 MAl.

568 2235 626 2268 78.
650 2235 706 2268 22.
741 2259 749 2267 .
794 2233 880 2277 .χη]
906 2234 1123 2266 Vocabulum
1143 2232 1344 2265 coniectura
1363 2230 1609 2273 integrandum
1630 2237 1693 2265 est.
1718 2232 1818 2264 MAI.

568 2280 627 2314 78.
650 2281 707 2314 26.
741 2259 879 2326 ἔλαβεν]
908 2278 1014 2326 ελαβε
1037 2280 1091 2313 ed.
1115 2281 1143 2312 P
1148 2291 1216 2312 om.
1208 2299 1239 2318 .,
1265 2285 1301 2311 et
1325 2290 1405 2311 mox
1430 2275 1597 2311 ἀπεῖπεν.

522 2389 580 2427 78.
606 2393 640 2427 4.
676 2394 804 2428 Confer
826 2391 971 2426 Diodori
993 2392 1134 2436 eclogas
1158 2387 1210 2425 etl.
1234 2403 1270 2435 p.
1288 2390 1369 2424 620.
1401 2390 1502 2424 ΜΛῙ.

521 2440 579 2473 78.
605 2441 639 2474 7.
674 2440 793 2473 Livius
814 2438 970 2472 XXXIX
1005 2439 1063 2472 26.
1071 2418 1218 2471 osci-ibit
1248 2438 1400 2470 nondum
1424 2434 1574 2470 omnium
1606 2433 1740 2469 dierum
1761 2444 1816 2468 so-

430 2487 498 2519 lem
529 2487 832 2519 occidissc.MA1.
878 2486 986 2518 Notus
1018 2484 1201 2518 Theocriti
1231 2483 1423 2516 versiculus
1450 2484 1475 2518 1.
1509 2481 1589 2514 102.
1640 2478 1714 2525 ἥδη
1745 2479 1816 2525 γὰρ

431 2530 588 2577 φρασδει
603 2529 725 2567 πάνθ’
750 2529 855 2566 α’λιον
879 2530 971 2574 ἄμιιι
989 2529 1168 2572 δεδύκειν,
1195 2530 1257 2563 ubi
1280 2529 1352 2562 iam
1369 2530 1426 2563 vel
1443 2528 1608 2571 Philippo
1625 2527 1817 2562 Macedone

429 2585 518 2612 teste
541 2590 622 2611 con
617 2584 674 2612 tat
698 2575 824 2612 πάνθ’
852 2578 897 2610 ab
923 2575 1030 2612 ἅλιον
1055 2579 1185 2610 frustra
1208 2575 1340 2609 divelli.

522 2625 867 2659 78.10.Pressam
892 2624 1039 2657 Diodori
1071 2622 1278 2656 sententiam
1310 2621 1463 2654 declarat
1496 2618 1618 2654 Livius
1648 2618 1718 2652 loc.
1754 2617 1814 2652 cit.

456 2672 567 2703 lacere
599 2671 722 2704 deduci
752 2670 930 2714 praesidia
960 2671 1188 2703 Macedonum
1222 2680 1261 2701 m:
1285 2668 1328 2700 iis
1358 2667 1498 2700 urbibus
1531 2665 1816 2708 (Thessalorum,

428 2681 709 2750 ζοντίιειεὺοτιιιη
729 2717 812 2760 etc)
847 2721 881 2749 et
913 2717 1064 2759 antiquis
1090 2714 1315 2748 Macedoniae
1348 2713 1503 2746 terminis
1533 2721 1681 2755 regnum
1694 2710 1815 2763 finiri.

430 2764 549 2804 Quare
573 2767 608 2796 et
633 2763 810 2806 Appianus
835 2762 884 2795 sic
908 2761 1151 2806 intelligendus
1174 2764 1225 2793 est
1247 2757 1569 2798 maced.ec1.vn‚
1593 2756 1653 2799 qui
1670 2755 1720 2790 ait
1742 2755 1814 2788 ius-

428 2819 505 2842 sum
525 2808 728 2852 Philippum
747 2809 875 2842 cunctis
888 2808 946 2840 Gr
941 2819 1104 2841 iecorum
1122 2806 1266 2839 urbibus
1282 2805 1478 2838 libeltatem
1497 2802 1692 2836 concedere.
1715 2801 1815 2835 MAI.

524 2853 660 2888 78.17.
706 2854 890 2898 Conspirat
922 2853 1096 2887 Diodorus
1125 2864 1205 2887 cum
1235 2850 1387 2896 Polybio
1411 2849 1543 2884 XXIV.
1573 2848 1609 2884 9.
1654 2846 1817 2892 lnteuige

431 2902 550 2934 autem
573 2900 779 2936 Africanum
802 2899 1119 2935 maiorem.MA1.
