1968 3346
140 693 208 730 568
330 660 332 662 ’
699 676 1090 722 Ι..ΧΧν1.

308 841 407 885 ’Ὅτι
431 839 632 898 Ἀννίβας
659 835 730 913 ἦν
746 839 879 898 φύσει
908 840 1117 898 μάχιμος,
1155 840 1230 885 καὶ
1268 843 1323 899 τῆ
1357 843 1447 886 τῶν
1474 845 1597 886 πολε-

204 902 347 954 μικῶν
370 899 512 953 ε’ργων
533 899 581 942 ἐκ
602 897 759 950 παιδὸς
773 901 912 969 πείρᾳ
924 897 1236 969 πεπονημένος
1264 885 1338 942 καὶ
1351 910 1595 960 συνεστρα-
1625 900 1681 944 50

203 955 367 1007 τευκώς
405 956 476 1011 ἔτη
513 957 644 999 πλείω
678 954 880 1026 μεγάλοις
908 953 1104 1026 ἡγεμόσι
1128 955 1296 1010 πολλὴν
1307 960 1413 1027 εἰχε
1441 955 1598 1026 τριβήν

203 1028 294 1055 των
323 1015 572 1081 πολεμικῶν
601 1010 799 1084 ἀγώνων.
838 1011 1184 1069 κεχορηγημένος
1215 1012 1263 1055 δὲ
1290 1009 1378 1055 υπὸ
1409 1017 1485 1068 τῆς
1514 1011 1597 1068 φύ-

205 1079 315 1120 σεως
345 1065 543 1126 ἀγχινοίᾳ
577 1070 653 1113 καὶ
684 1070 973 1142 πεποιημένος
1012 1067 1305 1138 στρατηγικῆν
1334 1066 1495 1125 ἀρετὴν
1524 1068 1596 1112 διὰ

202 1128 278 1180 τῆς
316 1127 615 1200 πολυχρονίου
659 1127 757 1181 περὶ
795 1126 875 1170 τὸν
912 1126 1107 1183 πόλεμον
1145 1124 1369 1183 ἀσκήσεως
1408 1125 1598 1183 μεγάλας

202 1181 380 1233 ἐλπίδας
408 1189 520 1240 εῖχεν
549 1182 596 1226 ἐν
626 1183 782 1239 ἐαυτῷ.
1623 1184 1680 1228 55

304 1238 404 1283 ’Ότι
441 1243 524 1283 τοῦ
562 1242 793 1283 Μινυκίου
834 1238 1098 1310 ἡττηθέντος
1137 1237 1226 1283 υπό
1275 1241 1359 1283 τοῦ
1391 1235 1595 1306 Ἀννίβου

202 1294 252 1339 ἐκ
291 1300 381 1339 τῶν
429 1295 789 1351 ἀποτελεσμάτων
825 1295 915 1342 υπὸ
960 1295 1139 1341 πάντων
1181 1296 1336 1364 ἐκρίθη
1371 1292 1596 1344 Μινύκιος

201 1352 282 1408 μὲν
301 1351 541 1422 ἀφροσύνῃ
570 1354 644 1397 καὶ
673 1352 848 1410 ἀπειρίᾳ
875 1357 967 1404 τοῖς
997 1352 1114 1404 ὅλοις
1142 1352 1380 1404 ἐπταικτός,
1426 1349 1596 1406 Φάβιος

205 1409 253 1452 δὲ
284 1409 496 1482 ἀγχινοίᾳ
512 1411 584 1454 καὶ
614 1409 745 1483 ἀρετῇ
776 1414 1038 1468 στρατηγικῃ
1069 1408 1143 1455 διὰ
1163 1409 1328 1461 παντὸς
1356 1423 1592 1464 προνενοη-
1622 1414 1679 1455 60

202 1465 337 1521 μένος
364 1471 441 1523 τῆς
469 1467 722 1523 ἀσφαλείας.

306 1522 406 1566 ’Ότι
446 1527 697 1580 Δορίμαχος
738 1521 762 1567 ὁ
801 1526 892 1567 τῶν
929 1524 1144 1566 Αἰτωλῶν
1180 1520 1421 1592 στρατηγός
1464 1517 1597 1574 ἀσεβῆ

206 1580 511 1624 συνετελέσατο
547 1583 725 1650 πρᾶξιν·
766 1580 815 1623 τὸ
855 1579 939 1636 γάρ
978 1580 1077 1635 περὶ
1119 1577 1347 1636 Δωδώνην
1389 1581 1597 1634 μαντεῖον

206 1634 398 1691 συλήσας
425 1637 632 1708 ἐνέπρησε
660 1636 710 1680 τό
746 1635 867 1691 ἱερὸν
895 1636 1011 1693 πλην
1038 1640 1119 1679 τοῦ
1147 1639 1297 1704 σηκοῦ.

307 1693 406 1736 ι’Ότι
433 1691 461 1748 ἡ
489 1698 572 1737 τοῦ
600 1693 800 1749 Ἀννίβου
828 1693 1018 1764 δύναμις
1046 1693 1186 1736 πολὺν
1210 1691 1374 1748 χρόνον
1401 1693 1478 1745 τῆς
1506 1692 1596 1731 τῶν

204 1751 463 1819 Καμπανων
479 1749 784 1823 ευδαιμονίας
813 1748 1040 1806 ἀπλήστως
1066 1749 1360 1819 ἐμπλησθεῖσα
1389 1746 1594 1815 μετέβαλε
1624 1752 1678 1795 65

204 1811 299 1855 ταῖς
328 1804 517 1876 ἀγωγαῖς
555 1809 614 1858 εἰς
642 1805 918 1850 τοῦναντίον.
956 1811 1129 1862 τρυφῆς
1163 1805 1248 1862 γὰρ
1281 1808 1491 1860 συνεχοῦς
1521 1819 1595 1846 και

203 1866 401 1919 μαλακῆς
441 1861 570 1933 εὐνῆς
603 1864 677 1931 καὶ
711 1862 867 1933 μύρων
896 1865 1121 1907 παντοίων
1149 1863 1224 1906 καὶ
1251 1863 1461 1911 παντοίας
1491 1875 1595 1914 τρο-

205 1923 294 1974 φῆς
320 1919 575 1963 πολυτέλεια
605 1936 684 1975 την
724 1920 803 1976 μὲν
832 1918 972 1989 ἀλκὴν
999 1921 1074 1964 καὶ
1103 1918 1291 1988 συνήθη
1316 1934 1406 1962 των
1436 1920 1596 1961 δεινῶν

203 1975 401 2027 ἐξέλυσεν
435 1975 689 2033 υπομονήν,
727 1977 782 2019 τά
825 1977 871 2021 δὲ
909 1975 1089 2047 σωματα
1125 1978 1200 2020 καὶ
1240 1975 1318 2027 τάς
1356 1974 1499 2031 ψυχὰς
1536 1975 1596 2025 είς
1624 1981 1680 2021 70

202 2032 456 2106 γυναικώδη
485 2035 559 2077 καὶ
588 2033 839 2104 τρυφερὰν
848 2033 1052 2077 διάθεσιν
1080 2034 1346 2104 μετέστησεν.

303 2090 403 2161 ‘pu
439 2107 529 2134 των
552 2090 778 2146 Ρωμαίων
814 2088 839 2135 ὁ
874 2089 1077 2145 Ἀννίβας
1113 2091 1253 2134 πολλα
1293 2085 1597 2156 κατηγορήσας
1636 2136 1639 2140 ἢ

202 2148 265 2198 εἷς
294 2145 496 2204 ωμότητα
527 2164 603 2191 και
630 2148 882 2220 πονηρίαν,
904 2152 1071 2205 μᾶλλον
1098 2148 1448 2231 ὑπερηφανείαν
1489 2144 1595 2195 τούς

202 2220 294 2247 των
323 2209 623 2261 συγκλητικων
655 2203 786 2255 υῖους
814 2205 889 2248 καὶ
914 2210 1134 2275 συγγενεῖς
1165 2204 1332 2255 ἐκλέξας
1361 2201 1593 2258 ἀπέσφαξε,
1625 2209 1680 2251 75

205 2260 371 2317 ταύτην
403 2262 523 2315 παρὰ
554 2265 636 2306 τοῦ
667 2263 904 2331 συνεδρίου
936 2261 1171 2319 λαμβάνων
1196 2262 1437 2327 τιμωρίαν.

306 2318 407 2361 Ὀτι
432 2318 456 2362 ὁ
475 2318 675 2375 Ἀννίβας
705 2316 1028 2374 ἀλλοτριώτατα
1059 2320 1334 2388 διακείμενος
1356 2314 1467 2371 πρὸς
1494 2313 1594 2357 Ῥω-

208 2376 367 2431 μαίους
404 2375 450 2419 ἐκ
489 2392 578 2418 των
618 2375 901 2446 αἰχμαλώτων
931 2375 1123 2429 ἐπιλέξας
1151 2392 1263 2426 τους
1288 2372 1500 2423 εὐθέτους
1537 2373 1596 2421 εἷς

209 2434 484 2488 μονομαχίαν
505 2433 764 2485 συνέζευξεν.
797 2430 1025 2504 ἀδελφους
1049 2450 1128 2491 μεν
1148 2430 1376 2502 ἀδελφοῖς
1406 2428 1595 2482 πατέρας
1625 2437 1679 2477 80

208 2490 257 2533 δε
286 2492 425 2545 υἱοῖς,
463 2495 683 2546 συγγενεῖς
711 2490 757 2534 δὲ
786 2489 1012 2547 συγγενέσι.
1041 2494 1308 2547 μονομαχεῖν
1341 2486 1595 2544 ητάγκαζεν

300 2636 382 2674 568.
406 2635 464 2672 51.
485 2637 672 2682 πολεμίων
693 2638 724 2672 V
869 2638 928 2674 53.
954 2638 1200 2685 πεποιημένος
1229 2636 1412 2678 Re1k1ns
1435 2645 1596 2676 πεπονη-

208 2682 319 2730 μένος
341 2684 370 2716 V
495 2685 553 2718 61.
581 2685 794 2729 Δορίμαχος
815 2686 1090 2733 wesselingius‚
1116 2686 1338 2741 Δωρίμαχος
1361 2683 1389 2714 V
1537 2680 1596 2714 62·-

209 2728 477 2774 συνετελέσατο]
502 2731 611 2765 immo
634 2729 866 2769 ἐπετελέσατο
1022 2734 1079 2768 73.
1103 2732 1258 2778 μᾶλλον]
1283 2727 1308 2776 ἢ
1329 2729 1470 2774 μᾶλλον
1494 2727 1596 2761 {ale

210 2776 303 2822 sius,
326 2779 465 2822 μᾶλλον
488 2774 515 2823 ἢ
537 2777 733 2815 Salmasius
