<?xml version="1.0" encoding="UTF-8"?>
<!DOCTYPE html PUBLIC "-//W3C//DTD XHTML 1.0 Transitional//EN"
    "http://www.w3.org/TR/xhtml1/DTD/xhtml1-transitional.dtd">
<html xmlns="http://www.w3.org/1999/xhtml" xml:lang="en" lang="en">
 <head>
  <title>
</title>
<meta http-equiv="Content-Type" content="text/html;charset=utf-8" />
  <meta name='ocr-system' content='tesseract 3.04.00' />
  <meta name='ocr-capabilities' content='ocr_page ocr_carea ocr_par ocr_line ocrx_word'/>
</head>
<body>
  <div class='ocr_page' id='page_1' title='image "./p2bibliothecahisto02dioduoft_0134.png"; bbox 0 0 1968 3346; ppageno 0'>
   <div class='ocr_carea' id='block_1_1' title="bbox 352 168 1743 218">
    <p class='ocr_par' dir='ltr' id='par_1_1' title="bbox 352 168 1743 218">
     <span class='ocr_line' id='line_1_1' title="bbox 352 168 1743 218; baseline -0.002 0"><span class='ocrx_word' id='word_1_1' title='bbox 352 173 437 218; x_wconf 78' lang='lat'><em>116</em></span> <span class='ocrx_word' id='word_1_2' title='bbox 465 168 762 218; x_wconf 76' lang='lat' dir='ltr'><strong>EXCERPTA</strong></span> <span class='ocrx_word' id='word_1_3' title='bbox 790 172 862 214; x_wconf 84' lang='lat' dir='ltr'><em>DE</em></span> <span class='ocrx_word' id='word_1_4' title='bbox 891 169 1046 215; x_wconf 82' lang='lat' dir='ltr'><strong>VIRT.</strong></span> <span class='ocrx_word' id='word_1_5' title='bbox 1076 173 1152 215; x_wconf 89' lang='grc' dir='ltr'><em>ΕΤ</em></span> <span class='ocrx_word' id='word_1_6' title='bbox 1182 172 1305 216; x_wconf 81' lang='lat' dir='ltr'><em>VIT..</em></span> <span class='ocrx_word' id='word_1_7' title='bbox 1328 174 1378 214; x_wconf 87' lang='lat' dir='ltr'><em>L.</em></span> <span class='ocrx_word' id='word_1_8' title='bbox 1403 172 1743 216; x_wconf 75' lang='lat' dir='ltr'><em>XXV1.-xxx.</em></span> 
     </span>
    </p>
   </div>
   <div class='ocr_carea' id='block_1_2' title="bbox 265 282 1947 2439">
    <p class='ocr_par' dir='ltr' id='par_1_2' title="bbox 276 282 1744 570">
     <span class='ocr_line' id='line_1_2' title="bbox 276 282 1744 356; baseline -0.003 -23"><span class='ocrx_word' id='word_1_9' title='bbox 276 296 329 335; x_wconf 88' lang='grc'><em>10</em></span> <span class='ocrx_word' id='word_1_10' title='bbox 358 286 598 344; x_wconf 83' lang='grc' dir='ltr'><em>ροφύλακα</em></span> <span class='ocrx_word' id='word_1_11' title='bbox 616 284 866 355; x_wconf 78' lang='grc' dir='ltr'><em>ἐξέπεμψε,</em></span> <span class='ocrx_word' id='word_1_12' title='bbox 909 282 1122 336; x_wconf 78' lang='grc' dir='ltr'><em>συντάξας</em></span> <span class='ocrx_word' id='word_1_13' title='bbox 1155 301 1238 356; x_wconf 89' lang='grc' dir='ltr'><em>την</em></span> <span class='ocrx_word' id='word_1_14' title='bbox 1267 283 1314 328; x_wconf 83' lang='grc' dir='ltr'><em>ἐν</em></span> <span class='ocrx_word' id='word_1_15' title='bbox 1351 288 1427 344; x_wconf 74' lang='grc' dir='ltr'><em>τῷ</em></span> <span class='ocrx_word' id='word_1_16' title='bbox 1445 286 1588 343; x_wconf 83' lang='grc' dir='ltr'><em>Φάκῳ</em></span> <span class='ocrx_word' id='word_1_17' title='bbox 1607 286 1744 342; x_wconf 81' lang='grc' dir='ltr'><em>γάζαν</em></span> 
     </span>
     <span class='ocr_line' id='line_1_3' title="bbox 353 330 1744 399; baseline -0.001 -11"><span class='ocrx_word' id='word_1_18' title='bbox 353 347 429 389; x_wconf 85' lang='grc' dir='ltr'><em>καὶ</em></span> <span class='ocrx_word' id='word_1_19' title='bbox 459 346 510 386; x_wconf 82' lang='grc' dir='ltr'><em>τὰ</em></span> <span class='ocrx_word' id='word_1_20' title='bbox 547 341 744 399; x_wconf 87' lang='grc' dir='ltr'><em>χρήματα</em></span> <span class='ocrx_word' id='word_1_21' title='bbox 782 343 1121 393; x_wconf 87' lang='grc' dir='ltr'><em>καταποντίσαι,</em></span> <span class='ocrx_word' id='word_1_22' title='bbox 1155 330 1443 395; x_wconf 83' lang='grc' dir='ltr'><em>Ἀνδρόνικον</em></span> <span class='ocrx_word' id='word_1_23' title='bbox 1483 344 1529 394; x_wconf 76' lang='grc' dir='ltr'><em>δὲ</em></span> <span class='ocrx_word' id='word_1_24' title='bbox 1559 343 1634 386; x_wconf 85' lang='grc' dir='ltr'><em>τὸν</em></span> <span class='ocrx_word' id='word_1_25' title='bbox 1665 355 1744 395; x_wconf 86' lang='grc' dir='ltr'><em>σω-</em></span> 
     </span>
     <span class='ocr_line' id='line_1_4' title="bbox 353 397 1742 469; baseline -0.001 -26"><span class='ocrx_word' id='word_1_26' title='bbox 353 399 647 469; x_wconf 80' lang='grc' dir='ltr'><em>ματοφύλακα</em></span> <span class='ocrx_word' id='word_1_27' title='bbox 687 401 747 450; x_wconf 85' lang='grc' dir='ltr'><em>εἰς</em></span> <span class='ocrx_word' id='word_1_28' title='bbox 790 401 1136 453; x_wconf 77' lang='grc' dir='ltr'><em>Θεσσαλονίκην,</em></span> <span class='ocrx_word' id='word_1_29' title='bbox 1183 399 1407 450; x_wconf 77' lang='grc' dir='ltr'><em>συντάξας</em></span> <span class='ocrx_word' id='word_1_30' title='bbox 1435 398 1650 454; x_wconf 85' lang='grc' dir='ltr'><em>ἐμπρῆσαι</em></span> <span class='ocrx_word' id='word_1_31' title='bbox 1687 397 1742 442; x_wconf 80' lang='grc' dir='ltr'><em>τά</em></span> 
     </span>
     <span class='ocr_line' id='line_1_5' title="bbox 355 454 1743 524; baseline 0 -25"><span class='ocrx_word' id='word_1_32' title='bbox 355 456 518 514; x_wconf 77' lang='grc' dir='ltr'><em>νεώρια</em></span> <span class='ocrx_word' id='word_1_33' title='bbox 547 455 628 512; x_wconf 77' lang='grc' dir='ltr'><em>τήν</em></span> <span class='ocrx_word' id='word_1_34' title='bbox 655 457 873 511; x_wconf 83' lang='grc' dir='ltr'><em>ταχίστην.</em></span> <span class='ocrx_word' id='word_1_35' title='bbox 919 454 964 505; x_wconf 72' lang='grc' dir='ltr'><em>ὃς</em></span> <span class='ocrx_word' id='word_1_36' title='bbox 995 454 1192 509; x_wconf 80' lang='grc' dir='ltr'><em>γενηθεὶς</em></span> <span class='ocrx_word' id='word_1_37' title='bbox 1221 456 1382 497; x_wconf 88' lang='grc' dir='ltr'><em>τούτου</em></span> <span class='ocrx_word' id='word_1_38' title='bbox 1414 456 1743 524; x_wconf 77' lang='grc' dir='ltr'><em>φρονιμώτερος</em></span> 
     </span>
     <span class='ocr_line' id='line_1_6' title="bbox 353 508 1742 581; baseline -0.004 -25"><span class='ocrx_word' id='word_1_39' title='bbox 353 508 490 570; x_wconf 79' lang='grc' dir='ltr'><em>ἦλθεν</em></span> <span class='ocrx_word' id='word_1_40' title='bbox 520 515 580 564; x_wconf 81' lang='grc' dir='ltr'><em>εἰς·</em></span> <span class='ocrx_word' id='word_1_41' title='bbox 605 513 941 581; x_wconf 80' lang='grc' dir='ltr'><em>Θεσσαλονίκην,</em></span> <span class='ocrx_word' id='word_1_42' title='bbox 974 511 1028 554; x_wconf 77' lang='grc' dir='ltr'><em>ου’</em></span> <span class='ocrx_word' id='word_1_43' title='bbox 1058 510 1144 566; x_wconf 79' lang='grc' dir='ltr'><em>μὴν</em></span> <span class='ocrx_word' id='word_1_44' title='bbox 1174 511 1348 581; x_wconf 87' lang='grc' dir='ltr'><em>ἐποίησε</em></span> <span class='ocrx_word' id='word_1_45' title='bbox 1377 511 1425 553; x_wconf 89' lang='grc' dir='ltr'><em>τὸ</em></span> <span class='ocrx_word' id='word_1_46' title='bbox 1456 513 1742 567; x_wconf 77' lang='grc' dir='ltr'><em>προςταχθέν,</em></span> 
     </span>
    </p>

    <p class='ocr_par' dir='ltr' id='par_1_3' title="bbox 274 566 1465 639">
     <span class='ocr_line' id='line_1_7' title="bbox 274 566 1465 639; baseline -0.001 -27"><span class='ocrx_word' id='word_1_47' title='bbox 274 575 326 616; x_wconf 88' lang='grc'><em>15</em></span> <span class='ocrx_word' id='word_1_48' title='bbox 357 571 546 624; x_wconf 77' lang='grc' dir='ltr'><em>νομίζων</em></span> <span class='ocrx_word' id='word_1_49' title='bbox 577 571 749 639; x_wconf 64' lang='grc' dir='ltr'><em>φίλιον</em></span> <span class='ocrx_word' id='word_1_50' title='bbox 756 574 847 619; x_wconf 84' lang='grc' dir='ltr'><em>τοῖς</em></span> <span class='ocrx_word' id='word_1_51' title='bbox 877 567 995 617; x_wconf 83' lang='grc' dir='ltr'><em>ὅλοις</em></span> <span class='ocrx_word' id='word_1_52' title='bbox 1024 572 1198 620; x_wconf 79' lang='grc' dir='ltr'><em>κρατεῖν</em></span> <span class='ocrx_word' id='word_1_53' title='bbox 1223 566 1465 622; x_wconf 84' lang='grc' dir='ltr'><em>Ῥωιιαίοις.</em></span> 
     </span>
    </p>

    <p class='ocr_par' dir='ltr' id='par_1_4' title="bbox 355 610 1774 794">
     <span class='ocr_line' id='line_1_8' title="bbox 459 610 1746 692; baseline -0.002 -22.948"><span class='ocrx_word' id='word_1_54' title='bbox 459 625 557 669; x_wconf 92' lang='grc' dir='ltr'><em>Ὀτι</em></span> <span class='ocrx_word' id='word_1_55' title='bbox 587 625 609 669; x_wconf 97' lang='lat'><em>6</em></span> <span class='ocrx_word' id='word_1_56' title='bbox 643 624 774 676; x_wconf 76' lang='grc' dir='ltr'><em>αὐτὸς</em></span> <span class='ocrx_word' id='word_1_57' title='bbox 812 623 915 675; x_wconf 79' lang='grc' dir='ltr'><em>τούς</em></span> <span class='ocrx_word' id='word_1_58' title='bbox 941 635 1147 678; x_wconf 84' lang='grc' dir='ltr'><em>χρυσους</em></span> <span class='ocrx_word' id='word_1_59' title='bbox 1186 610 1450 678; x_wconf 75' lang='grc' dir='ltr'><em>ἀνδριάντας</em></span> <span class='ocrx_word' id='word_1_60' title='bbox 1489 622 1746 692; x_wconf 77' lang='grc' dir='ltr'><em>ἀνασπάσας</em></span> 
     </span>
     <span class='ocr_line' id='line_1_9' title="bbox 355 679 1774 747; baseline -0.003 -21"><span class='ocrx_word' id='word_1_61' title='bbox 355 682 404 726; x_wconf 80' lang='grc' dir='ltr'><em>ἐκ</em></span> <span class='ocrx_word' id='word_1_62' title='bbox 434 684 572 734; x_wconf 84' lang='grc' dir='ltr'><em>Δίου,</em></span> <span class='ocrx_word' id='word_1_63' title='bbox 620 682 782 732; x_wconf 88' lang='grc' dir='ltr'><em>πάντας</em></span> <span class='ocrx_word' id='word_1_64' title='bbox 819 680 923 730; x_wconf 80' lang='grc' dir='ltr'><em>τούς</em></span> <span class='ocrx_word' id='word_1_65' title='bbox 955 681 1001 723; x_wconf 85' lang='grc' dir='ltr'><em>ἐκ</em></span> <span class='ocrx_word' id='word_1_66' title='bbox 1027 683 1119 747; x_wconf 74' lang='grc' dir='ltr'><em>τῆς</em></span> <span class='ocrx_word' id='word_1_67' title='bbox 1161 679 1329 730; x_wconf 85' lang='grc' dir='ltr'><em>πόλεως</em></span> <span class='ocrx_word' id='word_1_68' title='bbox 1372 680 1606 737; x_wconf 78' lang='grc' dir='ltr'><em>ἀναλαβών</em></span> <span class='ocrx_word' id='word_1_69' title='bbox 1638 697 1774 738; x_wconf 59' lang='grc' dir='ltr'><em>μεταλ</em></span> 
     </span>
     <span class='ocr_line' id='line_1_10' title="bbox 355 734 1746 807; baseline -0.002 -25"><span class='ocrx_word' id='word_1_70' title='bbox 355 739 521 782; x_wconf 83' lang='grc' dir='ltr'><em>τέκνων</em></span> <span class='ocrx_word' id='word_1_71' title='bbox 550 739 624 782; x_wconf 86' lang='grc' dir='ltr'><em>καὶ</em></span> <span class='ocrx_word' id='word_1_72' title='bbox 651 736 875 794; x_wconf 82' lang='grc' dir='ltr'><em>’γυναικῶν</em></span> <span class='ocrx_word' id='word_1_73' title='bbox 899 734 1171 790; x_wconf 73' lang='grc' dir='ltr'><em>ἀνεχώρησεν</em></span> <span class='ocrx_word' id='word_1_74' title='bbox 1201 739 1260 787; x_wconf 76' lang='grc' dir='ltr'><em>εἰς</em></span> <span class='ocrx_word' id='word_1_75' title='bbox 1283 736 1482 807; x_wconf 79' lang='grc' dir='ltr'><em>Πύδναν.</em></span> <span class='ocrx_word' id='word_1_76' title='bbox 1516 739 1570 779; x_wconf 85' lang='grc' dir='ltr'><em>οὐ</em></span> <span class='ocrx_word' id='word_1_77' title='bbox 1600 741 1746 792; x_wconf 81' lang='grc' dir='ltr'><em>μεῖζον</em></span> 
     </span>
    </p>

    <p class='ocr_par' dir='ltr' id='par_1_5' title="bbox 272 792 1664 867">
     <span class='ocr_line' id='line_1_11' title="bbox 272 792 1664 867; baseline -0.004 -26"><span class='ocrx_word' id='word_1_78' title='bbox 272 801 329 841; x_wconf 80' lang='lat'><em>20</em></span> <span class='ocrx_word' id='word_1_79' title='bbox 357 795 597 867; x_wconf 76' lang='grc' dir='ltr'><em>ἁμάρτημα</em></span> <span class='ocrx_word' id='word_1_80' title='bbox 620 799 681 867; x_wconf 76' lang='grc' dir='ltr'><em>τῷ</em></span> <span class='ocrx_word' id='word_1_81' title='bbox 714 798 876 847; x_wconf 85' lang='grc' dir='ltr'><em>Περσεῖ</em></span> <span class='ocrx_word' id='word_1_82' title='bbox 903 792 1210 847; x_wconf 82' lang='grc' dir='ltr'><em>πεπραγμένον</em></span> <span class='ocrx_word' id='word_1_83' title='bbox 1240 792 1322 837; x_wconf 85' lang='grc' dir='ltr'><em>οὐκ</em></span> <span class='ocrx_word' id='word_1_84' title='bbox 1354 792 1409 837; x_wconf 78' lang='grc' dir='ltr'><em>ἄν</em></span> <span class='ocrx_word' id='word_1_85' title='bbox 1439 811 1502 844; x_wconf 88' lang='grc' dir='ltr'><em>τις</em></span> <span class='ocrx_word' id='word_1_86' title='bbox 1532 792 1664 847; x_wconf 81' lang='grc' dir='ltr'><em>εὕροι.</em></span> 
     </span>
    </p>

    <p class='ocr_par' dir='ltr' id='par_1_6' title="bbox 356 844 1746 1021">
     <span class='ocr_line' id='line_1_12' title="bbox 459 844 1745 905; baseline -0.003 -8.927"><span class='ocrx_word' id='word_1_87' title='bbox 459 852 560 895; x_wconf 70' lang='grc' dir='ltr'><em>’Ότι</em></span> <span class='ocrx_word' id='word_1_88' title='bbox 598 854 642 896; x_wconf 81' lang='grc' dir='ltr'><em>οἱ</em></span> <span class='ocrx_word' id='word_1_89' title='bbox 680 853 966 894; x_wconf 82' lang='grc' dir='ltr'><em>Κυδωνιᾶται</em></span> <span class='ocrx_word' id='word_1_90' title='bbox 1006 844 1307 894; x_wconf 78' lang='grc' dir='ltr'><em>ἐπετελέσαντο</em></span> <span class='ocrx_word' id='word_1_91' title='bbox 1356 852 1516 904; x_wconf 81' lang='grc' dir='ltr'><em>πρᾶξιν</em></span> <span class='ocrx_word' id='word_1_92' title='bbox 1555 851 1745 905; x_wconf 79' lang='grc' dir='ltr'><em>ἐ’κνομον</em></span> 
     </span>
     <span class='ocr_line' id='line_1_13' title="bbox 356 905 1746 979; baseline -0.003 -26"><span class='ocrx_word' id='word_1_93' title='bbox 356 909 430 954; x_wconf 82' lang='grc' dir='ltr'><em>καὶ</em></span> <span class='ocrx_word' id='word_1_94' title='bbox 441 909 610 979; x_wconf 81' lang='grc' dir='ltr'><em>τελέως</em></span> <span class='ocrx_word' id='word_1_95' title='bbox 649 905 996 962; x_wconf 81' lang='grc' dir='ltr'><em>ἀλλοτριωτάτην</em></span> <span class='ocrx_word' id='word_1_96' title='bbox 1033 910 1122 948; x_wconf 88' lang='grc' dir='ltr'><em>τῶν</em></span> <span class='ocrx_word' id='word_1_97' title='bbox 1155 906 1420 963; x_wconf 81' lang='grc' dir='ltr'><em>Ελληνικῶν</em></span> <span class='ocrx_word' id='word_1_98' title='bbox 1449 909 1662 961; x_wconf 84' lang='grc' dir='ltr'><em>νομίμων.</em></span> <span class='ocrx_word' id='word_1_99' title='bbox 1697 906 1746 949; x_wconf 84' lang='grc' dir='ltr'><em>ἐν</em></span> 
     </span>
     <span class='ocr_line' id='line_1_14' title="bbox 357 962 1746 1037; baseline -0.003 -28"><span class='ocrx_word' id='word_1_100' title='bbox 357 966 508 1037; x_wconf 82' lang='grc' dir='ltr'><em>εἰρήνῃ</em></span> <span class='ocrx_word' id='word_1_101' title='bbox 550 966 634 1021; x_wconf 79' lang='grc' dir='ltr'><em>γάρ</em></span> <span class='ocrx_word' id='word_1_102' title='bbox 678 964 738 1016; x_wconf 79' lang='grc' dir='ltr'><em>ὠς</em></span> <span class='ocrx_word' id='word_1_103' title='bbox 777 966 911 1032; x_wconf 90' lang='grc' dir='ltr'><em>φίλοι</em></span> <span class='ocrx_word' id='word_1_104' title='bbox 951 962 1271 1032; x_wconf 84' lang='grc' dir='ltr'><em>πιστευόμενοι</em></span> <span class='ocrx_word' id='word_1_105' title='bbox 1304 962 1623 1018; x_wconf 79' lang='grc' dir='ltr'><em>καταλαβόντες</em></span> <span class='ocrx_word' id='word_1_106' title='bbox 1649 962 1746 1031; x_wconf 84' lang='grc' dir='ltr'><em>τὴν</em></span> 
     </span>
    </p>

    <p class='ocr_par' dir='ltr' id='par_1_7' title="bbox 269 1018 1746 1180">
     <span class='ocr_line' id='line_1_15' title="bbox 269 1018 1745 1075; baseline -0.003 -8"><span class='ocrx_word' id='word_1_107' title='bbox 269 1027 325 1070; x_wconf 79' lang='lat'><em>25</em></span> <span class='ocrx_word' id='word_1_108' title='bbox 353 1028 443 1067; x_wconf 87' lang='grc' dir='ltr'><em>τῶν</em></span> <span class='ocrx_word' id='word_1_109' title='bbox 467 1021 826 1065; x_wconf 77' lang='grc' dir='ltr'><em>Ἀπολλωνιατῶν</em></span> <span class='ocrx_word' id='word_1_110' title='bbox 855 1018 984 1063; x_wconf 88' lang='grc' dir='ltr'><em>πόλιν</em></span> <span class='ocrx_word' id='word_1_111' title='bbox 1011 1035 1117 1074; x_wconf 90' lang='grc' dir='ltr'><em>τους</em></span> <span class='ocrx_word' id='word_1_112' title='bbox 1145 1020 1225 1075; x_wconf 78' lang='grc' dir='ltr'><em>μὲν</em></span> <span class='ocrx_word' id='word_1_113' title='bbox 1254 1018 1419 1073; x_wconf 69' lang='grc' dir='ltr'><em>ἄνδρας</em></span> <span class='ocrx_word' id='word_1_114' title='bbox 1448 1019 1613 1075; x_wconf 77' lang='grc' dir='ltr'><em>ἡβηδόν</em></span> <span class='ocrx_word' id='word_1_115' title='bbox 1635 1018 1745 1062; x_wconf 81' lang='grc' dir='ltr'><em>ἀνεῖ-</em></span> 
     </span>
     <span class='ocr_line' id='line_1_16' title="bbox 354 1075 1746 1133; baseline -0.003 -10"><span class='ocrx_word' id='word_1_116' title='bbox 354 1084 454 1129; x_wconf 89' lang='grc' dir='ltr'><em>λον,</em></span> <span class='ocrx_word' id='word_1_117' title='bbox 485 1079 616 1122; x_wconf 87' lang='grc' dir='ltr'><em>τέκνα</em></span> <span class='ocrx_word' id='word_1_118' title='bbox 653 1078 699 1122; x_wconf 81' lang='grc' dir='ltr'><em>δὲ</em></span> <span class='ocrx_word' id='word_1_119' title='bbox 732 1077 806 1122; x_wconf 88' lang='grc' dir='ltr'><em>καὶ</em></span> <span class='ocrx_word' id='word_1_120' title='bbox 835 1081 1046 1133; x_wconf 86' lang='grc' dir='ltr'><em>γυναῖκας</em></span> <span class='ocrx_word' id='word_1_121' title='bbox 1078 1075 1406 1133; x_wconf 83' lang='grc' dir='ltr'><em>διανειμάμενοι</em></span> <span class='ocrx_word' id='word_1_122' title='bbox 1435 1081 1636 1132; x_wconf 88' lang='grc' dir='ltr'><em>κατεῖχον</em></span> <span class='ocrx_word' id='word_1_123' title='bbox 1665 1076 1746 1132; x_wconf 85' lang='grc' dir='ltr'><em>τὴν</em></span> 
     </span>
     <span class='ocr_line' id='line_1_17' title="bbox 353 1135 500 1213; baseline -0.015 -33"><span class='ocrx_word' id='word_1_124' title='bbox 353 1135 500 1213; x_wconf 85' lang='grc' dir='ltr'><em>πόλιν</em></span> 
     </span>
    </p>

    <p class='ocr_par' dir='ltr' id='par_1_8' title="bbox 353 1187 1745 1305">
     <span class='ocr_line' id='line_1_18' title="bbox 454 1187 1743 1261; baseline -0.002 -26.964"><span class='ocrx_word' id='word_1_125' title='bbox 454 1192 554 1235; x_wconf 91' lang='grc' dir='ltr'><em>Ὀτι</em></span> <span class='ocrx_word' id='word_1_126' title='bbox 580 1190 604 1235; x_wconf 89' lang='lat'><em>6</em></span> <span class='ocrx_word' id='word_1_127' title='bbox 611 1189 847 1261; x_wconf 88' lang='grc' dir='ltr'><em>Ἀντίοχος</em></span> <span class='ocrx_word' id='word_1_128' title='bbox 885 1187 1130 1244; x_wconf 88' lang='grc' dir='ltr'><em>δυνάμενος</em></span> <span class='ocrx_word' id='word_1_129' title='bbox 1171 1188 1498 1240; x_wconf 78' lang='grc' dir='ltr'><em>ἐλασσωθὲντας</em></span> <span class='ocrx_word' id='word_1_130' title='bbox 1535 1187 1640 1240; x_wconf 82' lang='grc' dir='ltr'><em>τοὺς</em></span> <span class='ocrx_word' id='word_1_131' title='bbox 1669 1190 1743 1232; x_wconf 87' lang='grc' dir='ltr'><em>Αἰ-</em></span> 
     </span>
     <span class='ocr_line' id='line_1_19' title="bbox 353 1243 1745 1318; baseline -0.003 -26"><span class='ocrx_word' id='word_1_132' title='bbox 353 1251 566 1318; x_wconf 87' lang='grc' dir='ltr'><em>γυπτίους</em></span> <span class='ocrx_word' id='word_1_133' title='bbox 595 1246 870 1299; x_wconf 85' lang='grc' dir='ltr'><em>ἀποκτεῖναι,</em></span> <span class='ocrx_word' id='word_1_134' title='bbox 911 1245 1204 1301; x_wconf 85' lang='grc' dir='ltr'><em>παριππεύων</em></span> <span class='ocrx_word' id='word_1_135' title='bbox 1234 1245 1339 1302; x_wconf 86' lang='grc' dir='ltr'><em>ἐβόα</em></span> <span class='ocrx_word' id='word_1_136' title='bbox 1368 1248 1425 1303; x_wconf 74' lang='grc' dir='ltr'><em>μη</em></span> <span class='ocrx_word' id='word_1_137' title='bbox 1456 1248 1640 1290; x_wconf 85' lang='grc' dir='ltr'><em>κτείνειν</em></span> <span class='ocrx_word' id='word_1_138' title='bbox 1671 1243 1745 1288; x_wconf 79' lang='grc' dir='ltr'><em>αὕ-</em></span> 
     </span>
    </p>

    <p class='ocr_par' dir='ltr' id='par_1_9' title="bbox 269 1301 1746 1531">
     <span class='ocr_line' id='line_1_20' title="bbox 269 1301 1746 1359; baseline -0.002 -11"><span class='ocrx_word' id='word_1_139' title='bbox 269 1313 325 1354; x_wconf 83' lang='lat'><em>30</em></span> <span class='ocrx_word' id='word_1_140' title='bbox 354 1304 482 1357; x_wconf 85' lang='grc' dir='ltr'><em>τούς,</em></span> <span class='ocrx_word' id='word_1_141' title='bbox 513 1304 622 1347; x_wconf 81' lang='grc' dir='ltr'><em>ἀλλὰ</em></span> <span class='ocrx_word' id='word_1_142' title='bbox 653 1309 816 1357; x_wconf 81' lang='grc' dir='ltr'><em>ζῶντας</em></span> <span class='ocrx_word' id='word_1_143' title='bbox 846 1302 1178 1359; x_wconf 84' lang='grc' dir='ltr'><em>συλλαμβάνειν.</em></span> <span class='ocrx_word' id='word_1_144' title='bbox 1208 1320 1316 1358; x_wconf 89' lang='grc' dir='ltr'><em>ταχυ</em></span> <span class='ocrx_word' id='word_1_145' title='bbox 1348 1305 1393 1347; x_wconf 77' lang='grc' dir='ltr'><em>δὲ</em></span> <span class='ocrx_word' id='word_1_146' title='bbox 1423 1302 1527 1354; x_wconf 80' lang='grc' dir='ltr'><em>τούς</em></span> <span class='ocrx_word' id='word_1_147' title='bbox 1548 1301 1746 1355; x_wconf 77' lang='grc' dir='ltr'><em>καρποὺς</em></span> 
     </span>
     <span class='ocr_line' id='line_1_21' title="bbox 354 1360 1746 1430; baseline -0.001 -25"><span class='ocrx_word' id='word_1_148' title='bbox 354 1361 514 1417; x_wconf 83' lang='grc' dir='ltr'><em>ταύτης</em></span> <span class='ocrx_word' id='word_1_149' title='bbox 545 1360 770 1430; x_wconf 88' lang='grc' dir='ltr'><em>ἀγχινοίας</em></span> <span class='ocrx_word' id='word_1_150' title='bbox 805 1361 1058 1429; x_wconf 80' lang='grc' dir='ltr'><em>ἐκομίσατο.</em></span> <span class='ocrx_word' id='word_1_151' title='bbox 1101 1360 1174 1403; x_wconf 83' lang='grc' dir='ltr'><em>καὶ</em></span> <span class='ocrx_word' id='word_1_152' title='bbox 1212 1361 1310 1414; x_wconf 85' lang='grc' dir='ltr'><em>περὶ</em></span> <span class='ocrx_word' id='word_1_153' title='bbox 1347 1360 1425 1430; x_wconf 64' lang='grc' dir='ltr'><em>τῂν</em></span> <span class='ocrx_word' id='word_1_154' title='bbox 1463 1364 1541 1403; x_wconf 83' lang='grc' dir='ltr'><em>τοῦ</em></span> <span class='ocrx_word' id='word_1_155' title='bbox 1572 1363 1746 1416; x_wconf 89' lang='grc' dir='ltr'><em>Πηλου-</em></span> 
     </span>
     <span class='ocr_line' id='line_1_22' title="bbox 355 1415 1746 1486; baseline -0.002 -25"><span class='ocrx_word' id='word_1_156' title='bbox 355 1420 454 1461; x_wconf 87' lang='grc' dir='ltr'><em>σίου</em></span> <span class='ocrx_word' id='word_1_157' title='bbox 483 1416 730 1474; x_wconf 76' lang='grc' dir='ltr'><em>κατάληψιν</em></span> <span class='ocrx_word' id='word_1_158' title='bbox 759 1418 830 1460; x_wconf 81' lang='grc' dir='ltr'><em>καὶ</em></span> <span class='ocrx_word' id='word_1_159' title='bbox 861 1415 967 1472; x_wconf 76' lang='grc' dir='ltr'><em>μετά</em></span> <span class='ocrx_word' id='word_1_160' title='bbox 999 1421 1138 1460; x_wconf 74' lang='grc' dir='ltr'><em>ταῦτα</em></span> <span class='ocrx_word' id='word_1_161' title='bbox 1166 1416 1246 1486; x_wconf 79' lang='grc' dir='ltr'><em>τήν</em></span> <span class='ocrx_word' id='word_1_162' title='bbox 1277 1417 1539 1473; x_wconf 86' lang='grc' dir='ltr'><em>κατάκτησιν</em></span> <span class='ocrx_word' id='word_1_163' title='bbox 1567 1421 1640 1472; x_wconf 82' lang='grc' dir='ltr'><em>τῆς</em></span> <span class='ocrx_word' id='word_1_164' title='bbox 1671 1418 1746 1458; x_wconf 84' lang='grc' dir='ltr'><em>Αἰ-</em></span> 
     </span>
     <span class='ocr_line' id='line_1_23' title="bbox 352 1473 1742 1544; baseline -0.002 -26"><span class='ocrx_word' id='word_1_165' title='bbox 352 1474 524 1544; x_wconf 81' lang='grc' dir='ltr'><em>γύπτου</em></span> <span class='ocrx_word' id='word_1_166' title='bbox 544 1491 702 1529; x_wconf 87' lang='grc' dir='ltr'><em>ταυτης</em></span> <span class='ocrx_word' id='word_1_167' title='bbox 721 1491 797 1530; x_wconf 87' lang='grc' dir='ltr'><em>της</em></span> <span class='ocrx_word' id='word_1_168' title='bbox 821 1476 1161 1529; x_wconf 76' lang='grc' dir='ltr'><em>φιλανθρωπίας</em></span> <span class='ocrx_word' id='word_1_169' title='bbox 1180 1473 1367 1541; x_wconf 87' lang='grc' dir='ltr'><em>μέγιστα</em></span> <span class='ocrx_word' id='word_1_170' title='bbox 1399 1474 1742 1543; x_wconf 72' lang='grc' dir='ltr'><em>συμβαλομένης.</em></span> 
     </span>
    </p>

    <p class='ocr_par' dir='ltr' id='par_1_10' title="bbox 462 1528 1745 1601">
     <span class='ocr_line' id='line_1_24' title="bbox 462 1528 1745 1601; baseline -0.002 -26.981"><span class='ocrx_word' id='word_1_171' title='bbox 462 1530 608 1601; x_wconf 80' lang='grc' dir='ltr'><em>ῌμεῖς</em></span> <span class='ocrx_word' id='word_1_172' title='bbox 648 1533 693 1573; x_wconf 77' lang='grc' dir='ltr'><em>δὲ</em></span> <span class='ocrx_word' id='word_1_173' title='bbox 723 1535 802 1574; x_wconf 86' lang='grc' dir='ltr'><em>τοῦ</em></span> <span class='ocrx_word' id='word_1_174' title='bbox 835 1531 1114 1583; x_wconf 86' lang='grc' dir='ltr'><em>Πτολεμαίου</em></span> <span class='ocrx_word' id='word_1_175' title='bbox 1143 1528 1222 1585; x_wconf 83' lang='grc' dir='ltr'><em>τὴν</em></span> <span class='ocrx_word' id='word_1_176' title='bbox 1248 1529 1390 1580; x_wconf 82' lang='grc' dir='ltr'><em>οὕτως</em></span> <span class='ocrx_word' id='word_1_177' title='bbox 1414 1529 1574 1587; x_wconf 82' lang='grc' dir='ltr'><em>ἀγεννῆ</em></span> <span class='ocrx_word' id='word_1_178' title='bbox 1605 1528 1745 1584; x_wconf 86' lang='grc' dir='ltr'><em>φύσιν</em></span> 
     </span>
    </p>

    <p class='ocr_par' dir='ltr' id='par_1_11' title="bbox 267 1584 1745 1814">
     <span class='ocr_line' id='line_1_25' title="bbox 267 1584 1743 1654; baseline -0.003 -22"><span class='ocrx_word' id='word_1_179' title='bbox 267 1591 324 1633; x_wconf 82' lang='grc'><em>35</em></span> <span class='ocrx_word' id='word_1_180' title='bbox 356 1586 438 1633; x_wconf 79' lang='grc' dir='ltr'><em>οὐκ</em></span> <span class='ocrx_word' id='word_1_181' title='bbox 471 1587 526 1631; x_wconf 74' lang='grc' dir='ltr'><em>ἂν</em></span> <span class='ocrx_word' id='word_1_182' title='bbox 554 1586 898 1642; x_wconf 80' lang='grc' dir='ltr'><em>προηγουμένως</em></span> <span class='ocrx_word' id='word_1_183' title='bbox 929 1584 1281 1642; x_wconf 86' lang='grc' dir='ltr'><em>ἀνεπισήμαντον</em></span> <span class='ocrx_word' id='word_1_184' title='bbox 1320 1586 1538 1642; x_wconf 78' lang='grc' dir='ltr'><em>ἐάσαιμεν</em></span> <span class='ocrx_word' id='word_1_185' title='bbox 1581 1586 1629 1630; x_wconf 85' lang='grc' dir='ltr'><em>τὸ</em></span> <span class='ocrx_word' id='word_1_186' title='bbox 1660 1585 1743 1654; x_wconf 80' lang='grc' dir='ltr'><em>γὰρ</em></span> 
     </span>
     <span class='ocr_line' id='line_1_26' title="bbox 356 1641 1745 1700; baseline -0.003 -11"><span class='ocrx_word' id='word_1_187' title='bbox 356 1644 480 1695; x_wconf 84' lang='grc' dir='ltr'><em>ἐκτὸς</em></span> <span class='ocrx_word' id='word_1_188' title='bbox 516 1644 757 1700; x_wconf 88' lang='grc' dir='ltr'><em>γενόμενον</em></span> <span class='ocrx_word' id='word_1_189' title='bbox 797 1647 889 1686; x_wconf 85' lang='grc' dir='ltr'><em>τῶν</em></span> <span class='ocrx_word' id='word_1_190' title='bbox 927 1645 1084 1686; x_wconf 84' lang='grc' dir='ltr'><em>δεινῶν</em></span> <span class='ocrx_word' id='word_1_191' title='bbox 1122 1644 1195 1687; x_wconf 86' lang='grc' dir='ltr'><em>καὶ</em></span> <span class='ocrx_word' id='word_1_192' title='bbox 1233 1647 1426 1686; x_wconf 88' lang='grc' dir='ltr'><em>τοσαῦτα</em></span> <span class='ocrx_word' id='word_1_193' title='bbox 1469 1641 1745 1699; x_wconf 81' lang='grc' dir='ltr'><em>ἀφεστηκότα</em></span> 
     </span>
     <span class='ocr_line' id='line_1_27' title="bbox 355 1697 1745 1770; baseline -0.002 -26"><span class='ocrx_word' id='word_1_194' title='bbox 355 1719 443 1745; x_wconf 83' lang='grc' dir='ltr'><em>των</em></span> <span class='ocrx_word' id='word_1_195' title='bbox 476 1703 698 1756; x_wconf 83' lang='grc' dir='ltr'><em>πολεμίων</em></span> <span class='ocrx_word' id='word_1_196' title='bbox 740 1698 934 1744; x_wconf 79' lang='grc' dir='ltr'><em>αὐτόθεν</em></span> <span class='ocrx_word' id='word_1_197' title='bbox 972 1698 1175 1753; x_wconf 78' lang='grc' dir='ltr'><em>καθάπερ</em></span> <span class='ocrx_word' id='word_1_198' title='bbox 1217 1697 1387 1743; x_wconf 84' lang='grc' dir='ltr'><em>ἀκονιτὶ</em></span> <span class='ocrx_word' id='word_1_199' title='bbox 1427 1703 1745 1770; x_wconf 78' lang='grc' dir='ltr'><em>παραχωρῆσαι</em></span> 
     </span>
     <span class='ocr_line' id='line_1_28' title="bbox 356 1755 1744 1827; baseline -0.001 -27"><span class='ocrx_word' id='word_1_200' title='bbox 356 1760 577 1827; x_wconf 85' lang='grc' dir='ltr'><em>βασιλείας</em></span> <span class='ocrx_word' id='word_1_201' title='bbox 605 1758 807 1812; x_wconf 82' lang='grc' dir='ltr'><em>μεγίστης</em></span> <span class='ocrx_word' id='word_1_202' title='bbox 846 1756 921 1799; x_wconf 86' lang='grc' dir='ltr'><em>καὶ</em></span> <span class='ocrx_word' id='word_1_203' title='bbox 964 1755 1298 1826; x_wconf 78' lang='grc' dir='ltr'><em>μακαριωτάτης</em></span> <span class='ocrx_word' id='word_1_204' title='bbox 1338 1760 1431 1807; x_wconf 87' lang='grc' dir='ltr'><em>πῶς</em></span> <span class='ocrx_word' id='word_1_205' title='bbox 1470 1756 1553 1800; x_wconf 81' lang='grc' dir='ltr'><em>οὐκ</em></span> <span class='ocrx_word' id='word_1_206' title='bbox 1594 1755 1650 1799; x_wconf 87' lang='grc' dir='ltr'><em>άν</em></span> <span class='ocrx_word' id='word_1_207' title='bbox 1679 1773 1744 1806; x_wconf 88' lang='grc' dir='ltr'><em>τις</em></span> 
     </span>
    </p>

    <p class='ocr_par' dir='ltr' id='par_1_12' title="bbox 267 1812 1947 2040">
     <span class='ocr_line' id='line_1_29' title="bbox 267 1812 1743 1885; baseline -0.001 -27"><span class='ocrx_word' id='word_1_208' title='bbox 267 1824 322 1866; x_wconf 84' lang='grc'><em>40</em></span> <span class='ocrx_word' id='word_1_209' title='bbox 352 1814 565 1885; x_wconf 70' lang='grc' dir='ltr'><em>ἡγήσαιτο</em></span> <span class='ocrx_word' id='word_1_210' title='bbox 596 1818 737 1869; x_wconf 76' lang='grc' dir='ltr'><em>ψυχῆς</em></span> <span class='ocrx_word' id='word_1_211' title='bbox 766 1814 936 1862; x_wconf 86' lang='grc' dir='ltr'><em>τελείως</em></span> <span class='ocrx_word' id='word_1_212' title='bbox 966 1812 1308 1868; x_wconf 82' lang='grc' dir='ltr'><em>ἐκτεθηλυμένης</em></span> <span class='ocrx_word' id='word_1_213' title='bbox 1339 1829 1472 1862; x_wconf 89' lang='grc' dir='ltr'><em>ειναι,·</em></span> <span class='ocrx_word' id='word_1_214' title='bbox 1489 1813 1567 1882; x_wconf 78' lang='grc' dir='ltr'><em>ἡν</em></span> <span class='ocrx_word' id='word_1_215' title='bbox 1597 1816 1634 1857; x_wconf 87' lang='grc' dir='ltr'><em>εἰ</em></span> <span class='ocrx_word' id='word_1_216' title='bbox 1663 1830 1743 1868; x_wconf 90' lang='grc' dir='ltr'><em>μεν</em></span> 
     </span>
     <span class='ocr_line' id='line_1_30' title="bbox 352 1855 1947 1942; baseline -0.001 -28"><span class='ocrx_word' id='word_1_217' title='bbox 352 1871 584 1942; x_wconf 79' lang='grc' dir='ltr'><em>συνέβαινε</em></span> <span class='ocrx_word' id='word_1_218' title='bbox 615 1874 814 1925; x_wconf 80' lang='grc' dir='ltr'><em>φυσικῶς</em></span> <span class='ocrx_word' id='word_1_219' title='bbox 841 1867 1055 1924; x_wconf 79' lang='grc' dir='ltr'><em>υπάρχειν</em></span> <span class='ocrx_word' id='word_1_220' title='bbox 1084 1872 1341 1939; x_wconf 82' lang='grc' dir='ltr'><em>Πτολεμαίῳ</em></span> <span class='ocrx_word' id='word_1_221' title='bbox 1374 1868 1604 1941; x_wconf 85' lang='grc' dir='ltr'><em>τοιαύτην,</em></span> <span class='ocrx_word' id='word_1_222' title='bbox 1636 1871 1744 1921; x_wconf 78' lang='grc' dir='ltr'><em>ἴσως</em></span> <span class='ocrx_word' id='word_1_223' title='bbox 1943 1855 1947 1908; x_wconf 55' lang='grc' dir='ltr'><em>ι</em></span> 
     </span>
     <span class='ocr_line' id='line_1_31' title="bbox 351 1925 1744 1998; baseline -0.001 -27"><span class='ocrx_word' id='word_1_224' title='bbox 351 1927 408 1972; x_wconf 79' lang='grc' dir='ltr'><em>ἄν</em></span> <span class='ocrx_word' id='word_1_225' title='bbox 438 1946 502 1979; x_wconf 90' lang='grc' dir='ltr'><em>τις</em></span> <span class='ocrx_word' id='word_1_226' title='bbox 533 1928 702 1998; x_wconf 88' lang='grc' dir='ltr'><em>ἐκείνην</em></span> <span class='ocrx_word' id='word_1_227' title='bbox 730 1926 1082 1980; x_wconf 76' lang='grc' dir='ltr'><em>καταμέμψαιτο·</em></span> <span class='ocrx_word' id='word_1_228' title='bbox 1133 1925 1202 1969; x_wconf 85' lang='grc' dir='ltr'><em>ὅτε</em></span> <span class='ocrx_word' id='word_1_229' title='bbox 1241 1926 1286 1969; x_wconf 88' lang='grc' dir='ltr'><em>δε</em></span> <span class='ocrx_word' id='word_1_230' title='bbox 1325 1926 1398 1969; x_wconf 79' lang='grc' dir='ltr'><em>διὰ</em></span> <span class='ocrx_word' id='word_1_231' title='bbox 1427 1930 1518 1969; x_wconf 85' lang='grc' dir='ltr'><em>τῶν</em></span> <span class='ocrx_word' id='word_1_232' title='bbox 1554 1926 1744 1980; x_wconf 78' lang='grc' dir='ltr'><em>ὕστερον</em></span> 
     </span>
     <span class='ocr_line' id='line_1_32' title="bbox 348 1981 1757 2055; baseline -0.001 -26"><span class='ocrx_word' id='word_1_233' title='bbox 348 1984 550 2039; x_wconf 80' lang='grc' dir='ltr'><em>πράξεων</em></span> <span class='ocrx_word' id='word_1_234' title='bbox 580 1983 607 2040; x_wconf 82' lang='grc' dir='ltr'><strong><em>ἡ</em></strong></span> <span class='ocrx_word' id='word_1_235' title='bbox 637 1982 771 2039; x_wconf 83' lang='grc' dir='ltr'><em>φύσις</em></span> <span class='ocrx_word' id='word_1_236' title='bbox 801 1985 962 2032; x_wconf 79' lang='grc' dir='ltr'><em>ἱκανῶς</em></span> <span class='ocrx_word' id='word_1_237' title='bbox 989 1983 1098 2037; x_wconf 79' lang='grc' dir='ltr'><em>ὑπὲρ</em></span> <span class='ocrx_word' id='word_1_238' title='bbox 1112 1982 1261 2053; x_wconf 55' lang='grc' dir='ltr'><em>,αὐτῆς</em></span> <span class='ocrx_word' id='word_1_239' title='bbox 1292 1981 1567 2055; x_wconf 78' lang='grc' dir='ltr'><em>ἀπελογήθη,</em></span> <span class='ocrx_word' id='word_1_240' title='bbox 1609 1985 1757 2035; x_wconf 82' lang='grc' dir='ltr'><em>δείξα-.</em></span> 
     </span>
    </p>

    <p class='ocr_par' dir='ltr' id='par_1_13' title="bbox 309 2038 1741 2111">
     <span class='ocr_line' id='line_1_33' title="bbox 309 2038 1741 2111; baseline -0.001 -25"><span class='ocrx_word' id='word_1_241' title='bbox 309 2042 313 2047; x_wconf 74' lang='grc'><em>’</em></span> <span class='ocrx_word' id='word_1_242' title='bbox 350 2055 406 2086; x_wconf 88' lang='grc' dir='ltr'><em>σα</em></span> <span class='ocrx_word' id='word_1_243' title='bbox 435 2041 513 2085; x_wconf 84' lang='grc' dir='ltr'><em>τὸν</em></span> <span class='ocrx_word' id='word_1_244' title='bbox 542 2041 724 2111; x_wconf 83' lang='grc' dir='ltr'><em>βασιλέα</em></span> <span class='ocrx_word' id='word_1_245' title='bbox 753 2041 828 2083; x_wconf 88' lang='grc' dir='ltr'><em>καὶ</em></span> <span class='ocrx_word' id='word_1_246' title='bbox 859 2038 1069 2111; x_wconf 75' lang='grc' dir='ltr'><em>στάσιμον</em></span> <span class='ocrx_word' id='word_1_247' title='bbox 1106 2038 1214 2083; x_wconf 83' lang='grc' dir='ltr'><em>ὄντα</em></span> <span class='ocrx_word' id='word_1_248' title='bbox 1245 2040 1319 2082; x_wconf 86' lang='grc' dir='ltr'><em>καὶ</em></span> <span class='ocrx_word' id='word_1_249' title='bbox 1349 2039 1586 2091; x_wconf 75' lang='grc' dir='ltr'><em>δραστικὸν</em></span> <span class='ocrx_word' id='word_1_250' title='bbox 1617 2039 1741 2084; x_wconf 80' lang='grc' dir='ltr'><em>ου’δε-</em></span> 
     </span>
    </p>

    <p class='ocr_par' dir='ltr' id='par_1_14' title="bbox 265 2095 1810 2381">
     <span class='ocr_line' id='line_1_34' title="bbox 265 2095 1742 2168; baseline -0.001 -26"><span class='ocrx_word' id='word_1_251' title='bbox 265 2111 320 2155; x_wconf 83' lang='lat'><em>45</em></span> <span class='ocrx_word' id='word_1_252' title='bbox 349 2097 427 2149; x_wconf 83' lang='grc' dir='ltr'><em>νὸς</em></span> <span class='ocrx_word' id='word_1_253' title='bbox 466 2100 623 2154; x_wconf 82' lang='grc' dir='ltr'><em>ἡττον,</em></span> <span class='ocrx_word' id='word_1_254' title='bbox 663 2095 906 2166; x_wconf 86' lang='grc' dir='ltr'><em>ἀναγκαῖόν</em></span> <span class='ocrx_word' id='word_1_255' title='bbox 945 2096 1033 2139; x_wconf 89' lang='grc' dir='ltr'><em>ἐστι</em></span> <span class='ocrx_word' id='word_1_256' title='bbox 1071 2096 1149 2147; x_wconf 81' lang='grc' dir='ltr'><em>τάς</em></span> <span class='ocrx_word' id='word_1_257' title='bbox 1191 2098 1330 2146; x_wconf 84' lang='grc' dir='ltr'><em>αἰτίας</em></span> <span class='ocrx_word' id='word_1_258' title='bbox 1371 2096 1625 2140; x_wconf 83' lang='grc' dir='ltr'><em>ἀνατιθέναι</em></span> <span class='ocrx_word' id='word_1_259' title='bbox 1642 2101 1742 2168; x_wconf 85' lang='grc' dir='ltr'><em>τῆς</em></span> 
     </span>
     <span class='ocr_line' id='line_1_35' title="bbox 348 2151 1810 2225; baseline -0.003 -26"><span class='ocrx_word' id='word_1_260' title='bbox 348 2160 445 2200; x_wconf 85' lang='grc' dir='ltr'><em>τότε</em></span> <span class='ocrx_word' id='word_1_261' title='bbox 475 2156 634 2206; x_wconf 83' lang='grc' dir='ltr'><em>δειλίας</em></span> <span class='ocrx_word' id='word_1_262' title='bbox 663 2155 737 2197; x_wconf 85' lang='grc' dir='ltr'><em>καὶ</em></span> <span class='ocrx_word' id='word_1_263' title='bbox 768 2151 991 2224; x_wconf 86' lang='grc' dir='ltr'><em>ἀγεννείας</em></span> <span class='ocrx_word' id='word_1_264' title='bbox 1021 2169 1081 2204; x_wconf 87' lang='grc' dir='ltr'><em>εις</em></span> <span class='ocrx_word' id='word_1_265' title='bbox 1110 2152 1188 2196; x_wconf 85' lang='grc' dir='ltr'><em>τὸν</em></span> <span class='ocrx_word' id='word_1_266' title='bbox 1214 2153 1427 2196; x_wconf 85' lang='grc' dir='ltr'><em>σπάδωνα</em></span> <span class='ocrx_word' id='word_1_267' title='bbox 1444 2155 1517 2197; x_wconf 86' lang='grc' dir='ltr'><em>καὶ</em></span> <span class='ocrx_word' id='word_1_268' title='bbox 1519 2153 1617 2225; x_wconf 86' lang='grc' dir='ltr'><em>τὴν</em></span> <span class='ocrx_word' id='word_1_269' title='bbox 1637 2153 1734 2197; x_wconf 87' lang='grc' dir='ltr'><em>ἐκεί-</em></span> <span class='ocrx_word' id='word_1_270' title='bbox 1740 2160 1810 2194; x_wconf 86' lang='grc'><em>580</em></span> 
     </span>
     <span class='ocr_line' id='line_1_36' title="bbox 349 2208 1741 2280; baseline -0.001 -25"><span class='ocrx_word' id='word_1_271' title='bbox 349 2228 432 2255; x_wconf 89' lang='grc' dir='ltr'><em>νου</em></span> <span class='ocrx_word' id='word_1_272' title='bbox 473 2213 771 2265; x_wconf 89' lang='grc' dir='ltr'><em>συντροφίαν,</em></span> <span class='ocrx_word' id='word_1_273' title='bbox 817 2209 866 2260; x_wconf 85' lang='grc' dir='ltr'><em>ὂς</em></span> <span class='ocrx_word' id='word_1_274' title='bbox 897 2209 943 2252; x_wconf 84' lang='grc' dir='ltr'><em>ἐκ</em></span> <span class='ocrx_word' id='word_1_275' title='bbox 984 2210 1142 2260; x_wconf 87' lang='grc' dir='ltr'><em>παιδὸς</em></span> <span class='ocrx_word' id='word_1_276' title='bbox 1176 2208 1224 2253; x_wconf 83' lang='grc' dir='ltr'><em>τὸ</em></span> <span class='ocrx_word' id='word_1_277' title='bbox 1256 2210 1484 2265; x_wconf 86' lang='grc' dir='ltr'><em>μειράκιον</em></span> <span class='ocrx_word' id='word_1_278' title='bbox 1513 2210 1561 2253; x_wconf 87' lang='grc' dir='ltr'><em>ἐν</em></span> <span class='ocrx_word' id='word_1_279' title='bbox 1589 2214 1741 2280; x_wconf 82' lang='grc' dir='ltr'><em>τρυφῇ</em></span> 
     </span>
     <span class='ocr_line' id='line_1_37' title="bbox 350 2265 1742 2337; baseline -0.001 -25"><span class='ocrx_word' id='word_1_280' title='bbox 350 2269 425 2313; x_wconf 84' lang='grc' dir='ltr'><em>καὶ</em></span> <span class='ocrx_word' id='word_1_281' title='bbox 454 2270 721 2337; x_wconf 81' lang='grc' dir='ltr'><em>γυναικείοις</em></span> <span class='ocrx_word' id='word_1_282' title='bbox 752 2265 1063 2323; x_wconf 83' lang='grc' dir='ltr'><em>ἐπιτηδεύμασι</em></span> <span class='ocrx_word' id='word_1_283' title='bbox 1092 2266 1285 2323; x_wconf 86' lang='grc' dir='ltr'><em>συνέχων</em></span> <span class='ocrx_word' id='word_1_284' title='bbox 1317 2267 1566 2323; x_wconf 74' lang='grc' dir='ltr'><em>διέφθειρεν</em></span> <span class='ocrx_word' id='word_1_285' title='bbox 1597 2266 1742 2311; x_wconf 83' lang='grc' dir='ltr'><em>αὐτοῦ</em></span> 
     </span>
     <span class='ocr_line' id='line_1_38' title="bbox 350 2323 614 2397; baseline -0.004 -16"><span class='ocrx_word' id='word_1_286' title='bbox 350 2325 431 2381; x_wconf 80' lang='grc' dir='ltr'><em>τὴν</em></span> <span class='ocrx_word' id='word_1_287' title='bbox 454 2323 614 2397; x_wconf 56' lang='grc' dir='ltr'><em>Ινυχην·</em></span> 
     </span>
    </p>

    <p class='ocr_par' dir='ltr' id='par_1_15' title="bbox 266 2376 1741 2439">
     <span class='ocr_line' id='line_1_39' title="bbox 266 2376 1741 2439; baseline -0.001 -12"><span class='ocrx_word' id='word_1_288' title='bbox 266 2395 322 2439; x_wconf 89' lang='lat'><em>50</em></span> <span class='ocrx_word' id='word_1_289' title='bbox 454 2382 552 2426; x_wconf 66' lang='grc' dir='ltr'><em>’Ὅτι</em></span> <span class='ocrx_word' id='word_1_290' title='bbox 579 2380 602 2425; x_wconf 89' lang='lat'><em>6</em></span> <span class='ocrx_word' id='word_1_291' title='bbox 631 2379 846 2436; x_wconf 87' lang='grc' dir='ltr'><em>Ἀντίοχος</em></span> <span class='ocrx_word' id='word_1_292' title='bbox 886 2376 1000 2436; x_wconf 83' lang='grc' dir='ltr'><em>ἀνηρ</em></span> <span class='ocrx_word' id='word_1_293' title='bbox 1030 2378 1172 2436; x_wconf 84' lang='grc' dir='ltr'><em>ἐφάνη</em></span> <span class='ocrx_word' id='word_1_294' title='bbox 1211 2380 1510 2436; x_wconf 84' lang='grc' dir='ltr'><em>πραγματικὸς</em></span> <span class='ocrx_word' id='word_1_295' title='bbox 1545 2381 1620 2426; x_wconf 81' lang='grc' dir='ltr'><em>καὶ</em></span> <span class='ocrx_word' id='word_1_296' title='bbox 1657 2385 1741 2426; x_wconf 84' lang='grc' dir='ltr'><em>τοῦ</em></span> 
     </span>
    </p>
   </div>
   <div class='ocr_carea' id='block_1_3' title="bbox 345 2503 1756 2782">
    <p class='ocr_par' dir='ltr' id='par_1_16' title="bbox 345 2503 1738 2597">
     <span class='ocr_line' id='line_1_40' title="bbox 348 2503 1738 2551; baseline -0.002 -9"><span class='ocrx_word' id='word_1_297' title='bbox 348 2507 404 2542; x_wconf 90' lang='grc'><em>14.</em></span> <span class='ocrx_word' id='word_1_298' title='bbox 443 2506 592 2550; x_wconf 84' lang='grc' dir='ltr'><em>φίλιον]</em></span> <span class='ocrx_word' id='word_1_299' title='bbox 633 2504 782 2540; x_wconf 80' lang='grc' dir='ltr'><em>κάλλιον</em></span> <span class='ocrx_word' id='word_1_300' title='bbox 823 2504 907 2537; x_wconf 76' lang='lat' dir='ltr'><em>Rei</em></span> <span class='ocrx_word' id='word_1_301' title='bbox 898 2504 990 2538; x_wconf 77' lang='lat' dir='ltr'>kius</span> <span class='ocrx_word' id='word_1_302' title='bbox 1152 2503 1208 2540; x_wconf 86' lang='lat'><em>15.</em></span> <span class='ocrx_word' id='word_1_303' title='bbox 1242 2508 1414 2551; x_wconf 80' lang='grc' dir='ltr'><em>κρατεῖν]</em></span> <span class='ocrx_word' id='word_1_304' title='bbox 1449 2503 1624 2550; x_wconf 82' lang='grc' dir='ltr'><em>πράττειν</em></span> <span class='ocrx_word' id='word_1_305' title='bbox 1657 2517 1738 2540; x_wconf 80' lang='lat' dir='ltr'><strong>ver-</strong></span> 
     </span>
     <span class='ocr_line' id='line_1_41' title="bbox 345 2547 1735 2608; baseline -0.001 -20"><span class='ocrx_word' id='word_1_306' title='bbox 345 2554 388 2588; x_wconf 80' lang='lat' dir='ltr'><em>tit</em></span> <span class='ocrx_word' id='word_1_307' title='bbox 409 2553 573 2608; x_wconf 79' lang='lat' dir='ltr'>Valesius</span> <span class='ocrx_word' id='word_1_308' title='bbox 707 2549 922 2594; x_wconf 84' lang='grc' dir='ltr'><em>Ρωμαίοις]</em></span> <span class='ocrx_word' id='word_1_309' title='bbox 945 2547 1157 2594; x_wconf 85' lang='grc' dir='ltr'><em>Ρωμαίονς</em></span> <span class='ocrx_word' id='word_1_310' title='bbox 1178 2552 1370 2586; x_wconf 70' lang='lat' dir='ltr'>Salmasius</span> <span class='ocrx_word' id='word_1_311' title='bbox 1506 2553 1563 2588; x_wconf 81' lang='lat'><em>30.</em></span> <span class='ocrx_word' id='word_1_312' title='bbox 1587 2550 1735 2597; x_wconf 81' lang='grc' dir='ltr'><em>ταύτης]</em></span> 
     </span>
    </p>

    <p class='ocr_par' dir='ltr' id='par_1_17' title="bbox 345 2597 1756 2690">
     <span class='ocr_line' id='line_1_42' title="bbox 346 2597 1756 2643; baseline -0.002 -9"><span class='ocrx_word' id='word_1_313' title='bbox 346 2613 484 2643; x_wconf 66' lang='lat' dir='ltr'><em>*tecm-⁷73</em></span> <span class='ocrx_word' id='word_1_314' title='bbox 509 2599 573 2643; x_wconf 81' lang='grc' dir='ltr'><em>τῆς</em></span> <span class='ocrx_word' id='word_1_315' title='bbox 597 2598 673 2632; x_wconf 74' lang='lat' dir='ltr'><em>Rei</em></span> <span class='ocrx_word' id='word_1_316' title='bbox 666 2598 759 2631; x_wconf 69' lang='lat' dir='ltr'><em>Idus</em></span> <span class='ocrx_word' id='word_1_317' title='bbox 898 2597 1033 2640; x_wconf 82' lang='grc' dir='ltr'><em>περι].,</em></span> <span class='ocrx_word' id='word_1_318' title='bbox 1039 2599 1120 2642; x_wconf 82' lang='lat' dir='ltr'><strong>‚lcg.</strong></span> <span class='ocrx_word' id='word_1_319' title='bbox 1146 2611 1241 2642; x_wconf 87' lang='grc' dir='ltr'><em>προς</em></span> <span class='ocrx_word' id='word_1_320' title='bbox 1245 2600 1267 2617; x_wconf 83' lang='grc'><strong>“</strong></span> <span class='ocrx_word' id='word_1_321' title='bbox 1294 2599 1425 2632; x_wconf 63' lang='lat' dir='ltr'>Vstsss</span> <span class='ocrx_word' id='word_1_322' title='bbox 1438 2600 1598 2642; x_wconf 63' lang='lat' dir='ltr'>qinbus</span> <span class='ocrx_word' id='word_1_323' title='bbox 1623 2604 1660 2632; x_wconf 81' lang='lat' dir='ltr'><em>ut</em></span> <span class='ocrx_word' id='word_1_324' title='bbox 1684 2599 1756 2631; x_wconf 49' lang='lat' dir='ltr'><em>vi-*</em></span> 
     </span>
     <span class='ocr_line' id='line_1_43' title="bbox 345 2624 1736 2690; baseline 0 -12"><span class='ocrx_word' id='word_1_325' title='bbox 345 2647 446 2679; x_wconf 76' lang='lat' dir='ltr'>detur</span> <span class='ocrx_word' id='word_1_326' title='bbox 469 2644 702 2690; x_wconf 73' lang='lat' dir='ltr'>negligentius</span> <span class='ocrx_word' id='word_1_327' title='bbox 725 2644 776 2676; x_wconf 70' lang='lat' dir='ltr'><em>ins</em></span> <span class='ocrx_word' id='word_1_328' title='bbox 780 2643 887 2685; x_wconf 67' lang='lat' dir='ltr'>pertis</span> <span class='ocrx_word' id='word_1_329' title='bbox 907 2624 1104 2688; x_wconf 62' lang='lat' dir='ltr'>Wesse&#39;ling</span> <span class='ocrx_word' id='word_1_330' title='bbox 1090 2645 1158 2677; x_wconf 82' lang='lat' dir='ltr'><em>ius</em></span> <span class='ocrx_word' id='word_1_331' title='bbox 1191 2669 1213 2686; x_wconf 86' lang='lat'><em>„</em></span> <span class='ocrx_word' id='word_1_332' title='bbox 1223 2646 1259 2678; x_wconf 79' lang='lat' dir='ltr'><em>in</em></span> <span class='ocrx_word' id='word_1_333' title='bbox 1282 2647 1392 2678; x_wconf 75' lang='lat' dir='ltr'><em>veteri</em></span> <span class='ocrx_word' id='word_1_334' title='bbox 1416 2647 1502 2680; x_wconf 75' lang='lat' dir='ltr'><em>libro</em></span> <span class='ocrx_word' id='word_1_335' title='bbox 1530 2643 1624 2688; x_wconf 84' lang='grc' dir='ltr'><em>πρὸς</em></span> <span class='ocrx_word' id='word_1_336' title='bbox 1648 2651 1736 2686; x_wconf 86' lang='lat' dir='ltr'><strong><em>erat,</em></strong></span> 
     </span>
    </p>

    <p class='ocr_par' dir='ltr' id='par_1_18' title="bbox 345 2671 1736 2782">
     <span class='ocr_line' id='line_1_44' title="bbox 345 2671 1736 2736; baseline 0.001 -12"><span class='ocrx_word' id='word_1_337' title='bbox 345 2693 436 2736; x_wconf 80' lang='lat' dir='ltr'><em>quod</em></span> <span class='ocrx_word' id='word_1_338' title='bbox 459 2693 574 2736; x_wconf 80' lang='lat' dir='ltr'><em>sperni</em></span> <span class='ocrx_word' id='word_1_339' title='bbox 596 2703 664 2724; x_wconf 77' lang='grc' dir='ltr'><em>ποη</em></span> <span class='ocrx_word' id='word_1_340' title='bbox 689 2690 840 2722; x_wconf 76' lang='lat' dir='ltr'><em>debebat.</em></span> <span class='ocrx_word' id='word_1_341' title='bbox 849 2692 872 2708; x_wconf 65' lang='lat'><em>‘⁴</em></span> <span class='ocrx_word' id='word_1_342' title='bbox 1011 2689 1068 2723; x_wconf 62' lang='lat'><em>34.</em></span> <span class='ocrx_word' id='word_1_343' title='bbox 1077 2671 1271 2735; x_wconf 60' lang='lat' dir='ltr'><em>Odyfivvyj‘]</em></span> <span class='ocrx_word' id='word_1_344' title='bbox 1282 2688 1394 2736; x_wconf 81' lang='grc' dir='ltr'><em>α’γενῆ</em></span> <span class='ocrx_word' id='word_1_345' title='bbox 1418 2692 1450 2726; x_wconf 86' lang='lat' dir='ltr'>V</span> <span class='ocrx_word' id='word_1_346' title='bbox 1513 2730 1515 2732; x_wconf 19' lang='lat'>³</span> <span class='ocrx_word' id='word_1_347' title='bbox 1588 2691 1645 2725; x_wconf 77' lang='lat'><em>36.</em></span> <span class='ocrx_word' id='word_1_348' title='bbox 1670 2704 1736 2726; x_wconf 86' lang='grc' dir='ltr'><em>το-</em></span> 
     </span>
     <span class='ocr_line' id='line_1_45' title="bbox 347 2734 854 2782; baseline -0.01 -9"><span class='ocrx_word' id='word_1_349' title='bbox 347 2747 480 2782; x_wconf 63' lang='grc' dir='ltr'><em>σαντα]</em></span> <span class='ocrx_word' id='word_1_350' title='bbox 507 2749 619 2770; x_wconf 83' lang='lat' dir='ltr'>noune</span> <span class='ocrx_word' id='word_1_351' title='bbox 645 2734 854 2770; x_wconf 72' lang='grc' dir='ltr'><em>τοσοῦτονὲ</em></span> 
     </span>
    </p>
   </div>
   <div class='ocr_carea' id='block_1_4' title="bbox 437 2792 1459 2840">
    <p class='ocr_par' dir='ltr' id='par_1_19' title="bbox 437 2792 1459 2840">
     <span class='ocr_line' id='line_1_46' title="bbox 437 2792 1459 2840; baseline -0.001 -11"><span class='ocrx_word' id='word_1_352' title='bbox 437 2795 517 2831; x_wconf 82' lang='grc'><strong>580.</strong></span> <span class='ocrx_word' id='word_1_353' title='bbox 540 2795 596 2829; x_wconf 81' lang='grc'><em>47.</em></span> <span class='ocrx_word' id='word_1_354' title='bbox 622 2794 849 2839; x_wconf 79' lang='grc' dir='ltr'><em>σνντροφίαν</em></span> <span class='ocrx_word' id='word_1_355' title='bbox 877 2792 1147 2840; x_wconf 67' lang='lat' dir='ltr'>VVesselingius,</span> <span class='ocrx_word' id='word_1_356' title='bbox 1174 2793 1404 2839; x_wconf 80' lang='grc' dir='ltr'><em>σνστροφίαν</em></span> <span class='ocrx_word' id='word_1_357' title='bbox 1427 2795 1459 2828; x_wconf 88' lang='lat' dir='ltr'>V</span> 
     </span>
    </p>
   </div>
   <div class='ocr_carea' id='block_1_5' title="bbox 1933 2965 1943 3046">
    <p class='ocr_par' dir='ltr' id='par_1_20' title="bbox 1933 2965 1943 3046">
     <span class='ocr_line' id='line_1_47' title="bbox 1933 2965 1943 3046; baseline -1 1"><span class='ocrx_word' id='word_1_358' title='bbox 1933 2965 1943 3046; x_wconf 63' lang='lat' dir='ltr'><em>sl</em></span> 
     </span>
    </p>
   </div>
   <div class='ocr_carea' id='block_1_6' title="bbox 1933 2576 1941 3204">
    <p class='ocr_par' dir='ltr' id='par_1_21' title="bbox 1933 2576 1941 3204">
     <span class='ocr_line' id='line_1_48' title="bbox 1933 2576 1941 3204; baseline 0 0"><span class='ocrx_word' id='word_1_359' title='bbox 1933 2576 1941 3204; x_wconf 95' lang='lat' dir='ltr'><em> </em></span> 
     </span>
    </p>
   </div>
  </div>
 </body>
</html>
