1968 3346
105 400 180 443 καὶ
208 399 293 468 γὰρ
323 398 393 443 ὅτε
417 398 580 453 Ξέρξης
610 403 704 447 ταῖς
726 397 946 441 τοσαύταιι
970 399 1194 468 μυριάσιν
1214 400 1499 455 ἐστράτευσεν

108 456 178 499 ἐπὶ
217 455 323 506 τοὺς
352 455 563 510 Έλληνας
598 453 853 523 ἀφείθησαν
892 472 979 499 υπ)
1021 460 1110 498 τῶν
1141 456 1382 529 συμμάχων
1419 465 1496 514 τῆς

106 515 352 566 στρατείας,
391 510 727 566 προς-ταξάντων
762 515 852 554 τῶν
888 509 1118 566 ἡγεμόνων
1147 517 1298 556 πλεῖον
1328 514 1492 568 αὐτούς

103 569 323 627 ποιήσειν,
355 567 432 612 ἐάν
462 568 749 623 ἐπιμελῶνται
777 571 854 623 τῆς
882 572 973 611 τῶν
1001 572 1122 611 θεων
1149 574 1288 625 τιμῆς.
1520 572 1548 614 5

215 650 267 691 V.
302 647 376 692 καὶ
404 645 462 704 μὴ
491 647 848 715 συγχωρηθείσης
878 645 982 701 μήτε
1005 649 1221 700 λαθραίας
1240 654 1495 720 συμπλοκῆς

103 705 214 758 πρὸς
244 704 404 772 ἀνδρα·
436 703 604 772 μηδένα
632 703 716 771 γοὶρ
740 701 855 745 οὕτω
878 703 1239 771 παραφρονήσειν
1259 705 1363 756 ω’ςτε
1390 707 1494 778 ἐφη-
1554 717 1559 726 ·

104 761 244 830 μέρου
273 758 402 829 χάριν
430 758 594 818 ἡδονῆς
627 775 682 802 τα
719 758 1046 816 μακαριζόμενα
1084 764 1166 805 τοῦ
1196 763 1300 817 βίου
1329 763 1494 819 παντὸς

105 815 570 868 αντικαταλλάξασθαι.

197 874 297 916 “On
330 870 706 944 ὀρνιθευομένων
725 870 878 931 Ῥὲμου
914 872 990 920 καὶ
1023 871 1252 928 Ῥωμύλου
1284 874 1383 930 περὶ
1423 876 1550 918 013-10

103 934 265 986 κισμοῦ
283 929 462 980 πόλεως,
489 930 561 971 καὶ
581 928 627 971 ἐκ
645 931 735 971 τῶν
757 930 911 979 δεξιῶν
929 945 1074 984 μερων
1098 932 1352 999 διοσημείαν
1369 931 1493 987 γενέ-

104 993 228 1040 σθαι,
262 987 370 1055 φασι
399 984 727 1054 καταπλαγέντα
748 1001 829 1027 τον
847 984 1000 1040 Ρέμον
1026 986 1404 1056 ἐπιφθεγξάμενον
1432 991 1494 1031 εἰ·

103 1050 202 1090 πεῖν
237 1048 299 1102 τῷ
336 1042 513 1110 ἀδελφῷ
555 1041 623 1083 ὅτι
664 1041 710 1083 ἐν
738 1040 876 1098 ταύτῃ
906 1046 960 1098 τῇ
990 1042 1114 1086 πόλει
1144 1042 1355 1096 πολλάκις
1385 1060 1493 1089 επα-

103 1104 318 1168 ριστεροΐς
346 1096 644 1169 βουλεύμασιν
659 1085 880 1168 ,επιδὲξιος
906 1096 1346 1172 ακολουθήσειτύχη·
1377 1117 1492 1171 προ-

102 1173 241 1208 πετως
268 1155 351 1212 γὰρ
383 1153 523 1199 αὐτοῦ
551 1153 630 1198 τὸν
653 1153 837 1211 ἄγγελον
856 1152 1193 1208 ἀποστείλαντος
1222 1159 1295 1201 καὶ
1316 1157 1366 1202 τό
1388 1156 1487 1203 καθ’
1493 1160 1547 1206 15

240 1261 274 1294 5.
301 1261 332 1294 1.
356 1258 509 1303 κοινῶν]
535 1270 674 1292 καινων
693 1259 749 1292 ed.
760 1261 862 1294 Rom.
886 1261 972 1294 Post
984 1261 1112 1295 πλεῖον
1125 1261 1246 1296 deesse
1257 1261 1490 1308 videturycip.

241 1307 275 1340 5.
299 1307 333 1340 7.
361 1301 471 1348 οὕτω]
500 1300 619 1344 ου’τως
644 1306 699 1338 ed.
724 1307 826 1340 Rom.

241 1353 358 1387 5.11
381 1364 444 1392 και
461 1370 506 1375 —-
530 1349 716 1395 γενέσθαι]
743 1353 832 1384 haec
851 1363 971 1388 manca
991 1364 1067 1384 esse
1087 1359 1159 1387 tum
1178 1360 1353 1388 structura
1372 1363 1491 1389 osten-.-

150 1399 203 1432 dit
225 1406 298 1432 tum
324 1411 379 1431 res
408 1398 698 1442 quemadmodum
725 1398 766 1430 ab
780 1398 908 1453 11101151
911 1398 963 1430 sio
994 1399 1142 1441 aliisque
1167 1407 1337 1433 narratur.

240 1445 275 1479 5.
302 1444 356 1478 13-
382 1457 408 1477 3.
425 1440 849 1491 ἐπαριστεροῖς-τύχη]
869 1439 928 1477 ἐπ’
946 1439 1306 1490 ἀριστεροῖς-δίκη
1321 1447 1375 1481 ed
1388 1448 1490 1480 Rom.

102 1539 216 1572 iussus
237 1539 314 1571 erat
343 1536 519 1576 „ducibus
540 1535 652 1578 capris
669 1535 849 1579 imperium
870 1537 1067 1578 quaerere“
1093 1536 1196 1580 regni
1211 1537 1325 1572 sedem
1345 1538 1493 1573 statuit:

104 1583 330 1627 religioseque
347 1587 468 1625 postea
483 1582 690 1623 observavit,
715 1592 923 1624 quocumque
945 1592 1028 1624 utrm
1033 1593 1074 1613 ει
1095 1588 1264 1622 moueret,
1287 1588 1369 1616 ante
1386 1585 1493 1627 signa

105 1629 243 1663 easdem
264 1639 387 1670 capras
408 1628 550 1668 habere,
577 1632 770 1670 coeptorum
798 1627 900 1659 duces
925 1627 1106 1659 habitums
1128 1640 1213 1671 quas
1233 1630 1339 1673 regni
1362 1630 1493 1663 habue—

105 1679 165 1708 rat
185 1678 352 1707 auctores.
410 1675 532 1706 Urbem
550 1674 739 1713 Edessam,
764 1673 804 1705 eb
830 1673 1029 1705 memoriam
1049 1675 1220 1714 muneris,
1244 1677 1406 1719 Aegeum,-
1427 1688 1492 1719 po-

105 1721 225 1764 pulum
244 1720 432 1763 Aegeadas
452 1720 601 1752 vocavit.
648 1719 742 1751 Hinc
763 1729 832 1751 non
855 1718 929 1751 sine
953 1729 1057 1752 causa
1080 1719 1116 1751 in
1140 1721 1282 1753 oraculo
1296 1700 1492 1764 epithetum

106 1766 269 1810 aegidem
301 1771 419 1798 tenens
442 1765 519 1802 1011
542 1764 738 1808 apponitur.
787 1766 913 1797 Arcem
938 1770 1055 1798 autem
1078 1765 1257 1810 Aegarum
1288 1778 1350 1801 seu
1372 1768 1496 1803 Pellae

106 1811 246 1845 munitis
249 1812 374 1845 simam
397 1811 561 1844 describit
581 1810 702 1844 Livius
726 1810 845 1849 XLIV.
871 1810 927 1843 46.
952 1811 1051 1844 MAI.

197 1857 289 1892 5.1.
325 1854 382 1892 ὅτι
405 1877 451 1882 -—
473 1857 653 1900 μετεῖχον]
680 1857 771 1889 Rem
795 1856 886 1890 hanc
909 1855 989 1889 aliis
1013 1856 1130 1889 verbis
1156 1857 1265 1891 habes
1289 1859 1381 1902 apud
1404 1859 1493 1893 Dio-

104 1903 229 1936 doraum
252 1904 289 1936 in
312 1903 518 1948 fragmentis
539 1903 641 1938 editis
664 1914 698 1945 p
718 1901 798 1935 547.
838 1903 928 1935 Item
950 1902 1042 1945 apud
1060 1902 1249 1946 Polybium
1271 1871 1332 1939 IVp
1352 1905 1410 1938 73.
1431 1907 1490 1940 74.

104 1951 204 1984 MAI.
228 1950 402 1983 Venerunt
418 1949 717 1989 tamenPlataeas,
738 1946 824 1981 sed’
809 1944 862 1982 εντ’
884 1946 1350 1992 ἐξεργασμένοισιΗοτοῑίοῐ.
1362 1952 1423 1989 ΙΧ.
1433 1952 1491 1988 77.

196 1995 231 2029 5.
259 1996 291 2029 6.
317 1997 524 2040 συμπλοκῆς
546 1994 639 2037 πρὸς
664 1992 799 2037 ἄνδρα]
837 1993 919 2027 Sine
951 1994 1056 2028 dubio
1089 2006 1203 2028 sermo
1228 2001 1279 2029 est
1302 1998 1344 2030 de
1366 2009 1425 2030 139
1429 1998 1493 2031 tali

104 2042 210 2076 Rhea
233 2042 364 2082 Silvia,
388 2047 500 2079 matre
521 2041 678 2074 Romuli.
725 2040 935 2085 Eclogarius
958 2044 1076 2078 autem
1098 2041 1192 2074 haud
1215 2042 1386 2078 laudabili
1410 2055 1492 2077 con-

104 2088 185 2122 silio
209 2088 415 2122 sententiam
438 2088 691 2125 tantummodo,
709 2097 799 2131 quae
816 2086 883 2120 sibi
900 2086 1094 2124 arridebat,
1117 2087 1272 2120 hiantem
1290 2089 1384 2130 licet,
1411 2101 1493 2123 con-

103 2134 277 2175 servavit3
311 2134 505 2167 cuiusmodi
540 2133 612 2166 alia
643 2133 805 2187 exempla
835 2132 929 2165 infra
954 2135 1358 2177 oecurrentcomplr1m3
1392 2147 1493 2178 prae-

105 2186 268 2223 tereaque
300 2180 336 2213 in
371 2179 577 2224 fragmentis
610 2178 757 2212 Diodon
784 2177 918 2211 iamdiu
942 2178 1065 2220 editis,
1102 2183 1136 2212 ct
1168 2179 1203 2212 in
1236 2180 1306 2214 iltis
1330 2181 1493 2225 Dionysii

104 2226 355 2261 halioarnassei
378 2237 400 2259 3
425 2237 481 2260 me
504 2224 693 2258 Mediolani
724 2224 889 2266 nuperius
914 2225 999 2268 vulg
986 2224 1081 2257 ratis.
1118 2224 1168 2259 ita
1190 2229 1228 2259 ut
1260 2238 1367 2263 unum
1390 2229 1494 2271 plane

105 2277 209 2314 atque
240 2272 333 2305 idem
367 2275 596 2316 cognoscatur
627 2271 713 2304 fuiss
717 2282 736 2303 e
766 2270 963 2303 institutum
975 2251 1270 2314 ”emb-ariorum,
1313 2284 1334 2307 a
1367 2273 1495 2316 quibus

105 2317 430 2361 Porphyrogenitus
451 2323 584 2350 1919193·
607 2315 792 2355 historicos
817 2315 991 2351 delibari
980 2327 1034 2348 lus
1020 2315 1091 2350 sit.
1137 2318 1297 2353 Iamvero
1315 2320 1495 2363 fragmen-

106 2368 182 2397 tum
206 2364 274 2396 hoc
297 2364 371 2396 sine
393 2363 499 2396 dubio
523 2363 670 2406 pertinet
694 2362 738 2395 ad
761 2362 948 2416 septimum
972 2361 1121 2397 Diodori
1141 2363 1292 2406 librum,
1328 2366 1495 2408 quoniam

107 2422 150 2450 ex
173 2409 325 2442 Eusebio
349 2409 470 2442 chron.
492 2409 516 2441 1.
543 2409 611 2450 46,
646 2408 888 2451 cognoscimus
911 2407 1107 2441 Diodorum
1139 2420 1194 2445 res
1209 2421 1341 2462 regum
1365 2411 1494 2445 latino-

106 2466 188 2494 rum
211 2459 246 2488 ct
275 2456 413 2488 Romae
437 2454 538 2487 initia
559 2465 601 2487 eo
624 2453 660 2487 in
683 2454 774 2487 libro
797 2453 1006 2492 narravisse.
1054 2454 1150 2498 Ergo
1173 2454 1278 2491 etiam
1300 2456 1498 2500 superiores

107 2505 225 2552 partes
242 2512 262 2534 e
278 2501 424 2544 septimo
445 2503 534 2540 sunt,
558 2500 837 2543 quandoquidem
861 2499 896 2535 in
919 2505 1013 2532 sexto
1037 2510 1092 2531 res
1115 2501 1229 2537 adhuc
1251 2507 1330 2535 ante
1347 2502 1496 2536 Troiam

108 2553 246 2591 captam
276 2547 386 2580 fuisse
417 2546 702 2588 comprehensas,
738 2550 789 2578 tes
793 2545 836 2577 tis
861 2556 895 2577 93
898 2550 911 2579 t
932 2545 1005 2586 ipse
1028 2545 1202 2580 Diodorus
1229 2547 1265 2580 in
1288 2549 1497 2602 prohoemio

108 2593 224 2648 operis
249 2604 325 2636 cap.
345 2592 400 2629 lv.
450 2592 569 2635 Quare
592 2594 626 2624 et
643 2590 893 2634 WVesselingius
914 2591 958 2624 T.
981 2590 1024 2624 11
1048 2602 1079 2634 p.
1103 2591 1192 2633 516,
1216 2604 1271 2626 res
1296 2595 1387 2627 sexti
1410 2594 1495 2627 libri

109 2640 305 2673 discernere
327 2637 499 2672 debuisset
521 2638 566 2671 ab
590 2637 663 2670 illis
685 2616 846 2680 septimi,
870 2648 963 2679 quae
982 2647 1064 2670 mox
1084 2636 1136 2671 ibi
1155 2644 1428 2682 consequuntur,
1452 2651 1497 2673 ne

110 2685 243 2726 incauti
267 2686 357 2718 forte
380 2685 524 2717 lectores
548 2683 592 2721 ad
614 2685 747 2716 sextum
772 2682 905 2716 librum
929 2687 1072 2716 cunctas
1093 2685 1402 2721 reserrent.MA1.

202 2730 235 2766 5-
262 2731 319 2766 14.
345 2729 526 2772 ἐπιδέξιος
547 2748 594 2753 —
618 2729 716 2772 δίκη]
751 2728 792 2761 Sl
823 2738 905 2761 aves
937 2739 959 2762 a
982 2728 1102 2762 dextra
1124 2731 1396 2773 311101311339111,
1426 2743 1497 2766 311-

111 2777 259 2821 gurium
280 2776 389 2810 fuisse
412 2776 596 2809 3(1191·311111
621 2775 714 2817 apud
738 2775 942 2815 Romanos,
975 2780 1189 2816 compertum
1214 2780 1274 2809 est.
1320 2778 1431 2811 Porro
1454 2777 1500 2812 ad

113 2823 219 2858 Remi
240 2823 445 2857 sententiam
469 2821 562 2869 quod
585 2820 739 2864 adtinet,
772 2831 894 2869 parem
917 2799 960 2856 d’e
982 2820 1126 2858 Athenis
1148 2825 1269 2860 narrat
1289 2822 1499 2869 Aristopha-

325 230 628 274 EXCERPTA
657 229 942 273 VATIcANA
977 232 1026 272 L.
1048 231 1269 276 vlt—x,
1468 237 1499 277 5

16 314 20 318 Ι
206 343 306 386 ι’Ότι
345 343 389 385 οἱ
412 341 573 387 Ἠλεῖοι
611 344 703 384 τῶν
732 357 900 385 κοινων
937 342 1143 397 πολέμων
1184 342 1240 387 οὕ
1278 349 1498 414 μετεῖχον

80 891 101 924 5

114 2881 173 2904 nes
198 2869 373 2906 31111587
390 2880 464 2914 sqq

2 2966 7 3158 ἓ
