1968 3346
487 176 546 218 51
769 169 1077 213 -EXCERPTA
1106 169 1301 215 Pflo'ru
1330 171 1379 213 1,.
1406 162 1598 216 xxxvl.

484 283 529 329 6'
563 284 714 328 αὐτῶν
739 282 769 339 ἡ
792 280 1026 339 Ῥωμαίων
1054 281 1306 339 παρεμβολή
1345 280 1500 325 στάδια
1529 283 1803 328 δυοκαίδεκα.
1831 282 1883 327 τό

398 347 457 390 90
485 342 565 398 μὲν
604 343 689 384 οὐν
725 344 903 395 πρῶτον
947 340 1144 394 ἐγίνοντο
1184 344 1378 410 συνεχεῖς
1415 336 1753 408 άκροβολισμοί·
1791 338 1885 384 εἶτα

483 397 860 469 παραταξαμένων
901 395 1146 466 ἑκατέρων,
1185 396 1261 440 καὶ
1298 399 1376 451 τῆς
1413 394 1553 466 μάχης
1588 398 1672 441 ῶδε
1695 395 1884 441 κάκεῖσε

484 453 721 526 ῥεπούσης,
764 453 839 497 καὶ
889 457 1066 496 πολλῶν
1109 451 1381 522 ἑκατέρωθεν
1418 450 1694 506 πιπτόντων,
1736 451 1761 498 6
1801 453 1886 507 μὲν

484 509 705 567 Ἀθηνίων
733 509 843 581 ἔχων
872 522 997 553 συνα
985 508 1327 579 ιωνιζομένους
1335 511 1588 560 διακοσίους
1624 511 1767 560 ἱππεῖς
1794 510 1883 554 ἐπι-

397 573 457 615 95
487 568 653 611 λέκτων
682 567 827 611 πάντα
856 566 934 610 τὸν
972 565 1073 620 περὶ
1103 564 1239 609 αὑτὸν
1278 564 1419 609 τόπον
1446 569 1617 621 νεκρῶν
1645 565 1882 637 ἐπλήρωσε,

484 624 672 677 τρωθεὶς
714 622 756 668 δ’
800 624 861 674 εἰς
902 621 1133 692 αμφότερα
1171 621 1225 665 τὰ
1254 621 1420 676 γόνατα
1449 624 1521 666 καὶ
1534 623 1701 694 τρίτην
1730 622 1884 694 λαβών

483 680 697 737 ἄχρηστος
734 680 903 748 ἐγένετο
938 677 1049 736 πρός
1088 678 1167 747 τὴν
1208 677 1370 750 μάχην·
1415 678 1458 730 ἐξ
1496 674 1552 722 οὗ
1590 681 1634 723 οἱ
1670 679 1885 734 δραπέται

483 743 578 788 ταῖς
607 742 766 792 ψυχαῖς
797 735 1000 786 πεσόντες
1029 734 1138 788 πρὸς
1167 736 1314 791 φυγὴν
1342 735 1601 792 ἐτράπησαν.
1629 735 1654 780 6
1694 736 1740 781 65
1758 735 1884 794 Ἀθη-

483 796 593 837 νίων
633 793 691 843 ὠς
719 792 872 847 νεκρὸς
912 792 974 835 ῶν
1004 791 1156 839 ἔλαθε,
1193 792 1267 835 καὶ
1305 793 1616 864 προςποιηθεις
1644 798 1884 850 τετελευτη-

371 856 454 899 100
484 851 608 894 κέναι
636 854 712 905 τῆς
739 849 899 899 νυκτὸς
935 845 1230 916 ἐπιλαβούσης
1271 847 1476 904 διεσώθη.
1484 849 1805 920 ἐπεκράτησαν
1834 851 1885 894 65

480 911 693 963 λαμπρῶς
724 908 768 949 οἱ
791 905 1023 961 Ῥωιιαῖοι,
1061 903 1298 960 φυγόντων
1327 905 1402 948 καὶ
1439 908 1528 949 τῶν
1557 922 1661 976 μετα
1696 907 1882 977 Τρύφω«

480 981 560 1014 νος
600 964 675 1006 καὶ
719 961 858 1006 αὐτοῦ
895 964 1091 1006 ἐκείνου·
1130 961 1203 1005 καὶ
1239 966 1416 1005 πολλῶν
1458 979 1570 1005 κατα
1614 961 1696 1031 τὴν
1733 963 1884 1033 φυγὴν

1956 667 1960 674 ,
1954 591 1961 608 .,
1938 544 1961 580 ,λυ
1937 319 1962 534 ’ν-ΜΥΜνιυ-.ι,
1943 294 1945 300 “

481 1019 707 1064 κοπέντων
742 1019 862 1070 τέλος
903 1018 986 1063 οὐκ
1022 1016 1224 1087 ἐλάττους
1261 1023 1375 1062 τῶν
1389 1020 1631 1073 διςμυρίων
1661 1019 1885 1077 ἀνῃρέθη·
1952 1051 1956 1082 J

378 1131 382 1133 ‚
484 1088 582 1121 σαν.
622 1078 667 1119 oc
696 1076 740 1120 65
771 1076 917 1119 λοιποὶ
955 1079 1030 1132 τῆς
1059 1077 1218 1125 νυκτὸς
1246 1075 1543 1132 συνεργούσης
1581 1076 1794 1133 διέφυγον
1823 1078 1886 1128 εἰς

428 1140 455 1184 5
485 1134 537 1176 τά
572 1133 811 1186 Τριόκαλα’
848 1135 991 1176 καίτοι
1032 1133 1145 1190 ῥᾷον
1171 1127 1228 1188 ἦν
1269 1133 1543 1184 ἐπιδιώξαντι
1567 1137 1628 1190 τῷ
1656 1136 1886 1205 στρατηγῷ

482 1191 559 1234 καὶ
600 1190 789 1260 τούτους
827 1189 1009 1262 ἀνελεῖν.
1050 1191 1122 1233 ἐπὶ
1160 1194 1377 1233 τοσοῦτον
1426 1189 1472 1232 65
1510 1193 1795 1234 τεταπείνωτο
1832 1189 1886 1234 τό

484 1247 702 1291 οἰκετικόν
740 1247 845 1298 ω’ςτε
882 1248 956 1291 καὶ
986 1245 1306 1302 ἐβουλεύσαντο
1337 1246 1406 1290 ἐπὶ
1435 1246 1542 1297 τούς
1570 1249 1754 1302 κυρίους
1784 1248 1886 1292 ἐπα-

481 1306 742 1374 ναδραμεῖν
762 1305 836 1347 καὶ
876 1307 1011 1373 σφᾶς
1025 1305 1174 1355 αὐτοῖς
1211 1303 1468 1372 ἐγχειρίσαι·
1509 1304 1623 1360 πλὴν
1655 1302 1885 1374 ἐπεκράτη-

398 1369 452 1410 10
484 1373 558 1404 σευ
588 1360 614 1418 ἡ
652 1360 805 1429 γνώμη
843 1364 933 1403 τῶν
962 1359 1086 1416 μέχρι
1114 1365 1312 1431 τελευτῆς
1350 1358 1640 1416 υποθεμένων
1671 1359 1885 1432 ἀγωνίσα-

482 1422 588 1461 σθαι
618 1418 691 1460 καὶ
718 1435 775 1474 μη
806 1423 897 1468 τοῖς
937 1417 1112 1487 ἐχθροῖς
1152 1418 1336 1468 ἑαυτούς
1367 1419 1746 1475 καταπροδοῦναι.
1775 1416 1885 1489 μετά

480 1472 523 1518 δ’
578 1473 737 1528 ἐνάτην
787 1473 954 1529 ηιιέραν
1004 1473 1028 1517 6
1078 1473 1319 1530 στρατηγός
1357 1476 1434 1543 ἡκε
1481 1473 1789 1545 πολιορκήσων
1828 1491 1884 1518 τα

485 1530 718 1584 Ἰριόκαλα.
765 1531 837 1573 καὶ
885 1530 939 1574 τοὶ
990 1530 1070 1584 μὲν
1119 1531 1329 1599 άναιρῶν
1352 1548 1406 1573 τα
1453 1531 1500 1574 65
1545 1528 1885 1603 ἀναιρούμενος,

480 1588 658 1631 ἔλαττον
688 1587 797 1642 ἔχων
828 1585 1081 1643 άπηλλάγη,
1121 1588 1196 1631 καὶ
1226 1589 1270 1630 οἵ
1305 1584 1547 1630 ἀποστάται
1580 1590 1711 1638 αὐθις
1752 1589 1888 1658 ἐφρο-

398 1650 452 1694 15
482 1646 782 1717 νηματίζοντο,
808 1644 924 1713 η’νυε
947 1645 993 1688 65
1022 1649 1112 1687 τῶν
1142 1642 1335 1688 δεόντων
1371 1643 1395 1687 6
1426 1643 1667 1715 στρατηγὸς
1696 1646 1779 1688 εἴτε
1809 1644 1885 1689 διὰ
1934 1662 1947 1669 ²

482 1701 712 1758 ῥαστώνην
743 1718 823 1744 ειτε
854 1699 927 1744 διά
959 1704 1235 1755 δωροδοκίαν
1259 1699 1413 1745 οὐδέν·
1446 1697 1545 1745 ἀνθ’
1575 1701 1731 1746 ὤνκαὶ
1753 1703 1883 1760 δίκην

478 1758 669 1812 ύστερον
698 1758 868 1813 κριθεὶς
892 1756 1129 1812 Ρωμαίοις
1162 1759 1306 1802 ἔδωκε.

596 1813 733 1865 Γάϊος
775 1815 820 1858 65
849 1817 1112 1886 Σερουίλιος
1149 1814 1478 1885 καταπεμφθεὶς
1517 1814 1759 1886 στρατηγὸς
1789 1814 1883 1859 διά-

480 1873 608 1927 δοχος
637 1872 929 1914 Λουκούλλου
970 1870 1068 1915 οὐδ’
1110 1870 1241 1922 αὐτός
1280 1889 1321 1914 τι
1350 1870 1475 1922 ἄξιον
1504 1888 1673 1928 μνημης
1703 1872 1880 1924 ἔπραξε·

395 1936 453 1977 20
484 1929 553 1972 διὸ
586 1929 660 1972 καὶ
689 1927 854 1983 ὁμοίως
894 1927 1165 1985 Λουκούλλῳ
1193 1928 1383 1982 ύστερον
1423 1931 1545 1985 φυγῇ
1563 1929 1882 2002 κατεδικάσθη.

480 1985 815 2041 τελευτησαντος
844 1984 890 2028 δὲ
926 1974 1174 2040 Τρύφωνός
1199 1985 1410 2055 διάδοχος
1440 1989 1516 2040 τῆς
1546 1982 1678 2053 άρχῆς
1705 1984 1730 2029 ὁ
1757 1984 1882 2043 Ἀθη-

479 2044 589 2086 νίων
615 2043 889 2091 καθίσταται,
919 2043 992 2085 καὶ
1011 2046 1143 2085 τοῦτο
1165 2042 1245 2098 μὲν
1272 2040 1419 2092 πόλεις
1448 2041 1717 2096 ἐπολιόρκει,
1745 2047 1880 2114 ‘copto

483 2099 530 2142 65
566 2103 715 2144 πᾶσαν
746 2114 833 2154 την
871 2098 1020 2154 χώραν
1056 2098 1196 2148 άδεῶς
1225 2098 1450 2169 κατέτρεχε
1478 2099 1553 2141 καὶ
1580 2103 1756 2144 πολλῶν
1784 2100 1881 2144 ἐκυ-

397 2160 451 2203 25
483 2157 650 2211 ρίευσε,
678 2160 759 2198 τοῦ
790 2157 1056 2210 Σερουιλίου
1086 2156 1220 2225 μηδὲν
1249 2154 1629 2209 ἀντιπράττοντος.

602 2217 694 2256 Τοῦ
736 2211 780 2256 δ’
821 2212 1048 2256 ἐνιαυσίου
1099 2212 1266 2283 χρόνου
1317 2212 1572 2262 διελθόντος
1615 2210 1782 2263 ὕπατος
1829 2211 1880 2256 ἐν

475 2267 627 2325 Ῥώμη
652 2268 787 2319 Γάιος
803 2270 991 2340 Μάριος
1010 2268 1151 2326 ᾑρέθη
1172 2269 1221 2313 τὸ
1253 2269 1451 2338 πέμπτον
1479 2285 1554 2312 και
1583 2268 1717 2333 Γάϊος
1736 2268 1880 2313 Ἀκύλ-

481 2328 704 2376 atos-0512
745 2325 768 2369 ὁ
803 2323 1023 2377 Ἀκύλλιος
1064 2325 1307 2383 στρατηγός
1343 2342 1452 2370 κατα
1491 2329 1581 2369 τῶν
1619 2325 1880 2371 ἀποστατῶν

396 2390 451 2431 30
482 2382 647 2433 σταλεὶς
677 2382 751 2425 διὰ
779 2387 856 2438 τῆς
886 2385 1000 2434 ἰδίας
1029 2381 1244 2450 άνδρείας
1262 2384 1468 2452 ἐπιφανεῖ
1494 2381 1608 2438 μάχῃ
1637 2381 1742 2433 τούς
1771 2381 1880 2426 davo-

480 2439 638 2489 στάτας
689 2439 867 2509 ἐνίκησε.
917 2440 992 2483 καὶ
1040 2439 1152 2494 πρὸς
1191 2437 1327 2483 αὐτὸν
1366 2440 1412 2482 65
1448 2439 1527 2507 τόν
1567 2438 1746 2508 βασιλέα
1787 2443 1879 2483 τῶν

480 2494 737 2540 ἀποστατῶν
770 2493 1019 2553 Ἀθηνίωνα
1058 2495 1295 2552 συμβαλών
1331 2495 1527 2552 ἡρωικὸν
1567 2494 1717 2552 ἀγῶνα
1754 2507 1877 2540 συνε-

478 2609 536 2644 93.
563 2607 653 2653 ἔχων
677 2620 746 2642 om.
769 2609 800 2643 A
925 2609 984 2643 94.
1015 2606 1223 2653 ἐπιλέκτων]
1251 2607 1457 2654 ἐπικρατῶν
1481 2611 1530 2653 Β,
1555 2620 1644 2644 corr·
1669 2608 1699 2642 Α
1817 2607 1876 2645 95.

478 2653 525 2690 τοὶ
550 2668 618 2691 om.
641 2656 754 2690 Amst.
916 2656 974 2689 11.
997 2654 1150 2700 ἐνάτην]
1176 2654 1282 2699 ἕκτην
1307 2658 1359 2698 B,
1395 2654 1551 2699 ἐννάτην
1576 2655 1652 2690 edd.
1677 2657 1757 2688 ante
1779 2655 1875 2690 Bek-

477 2703 602 2736 kerum
741 2701 797 2736 13
824 2699 877 2746 65]
906 2701 946 2737 65
971 2703 1032 2737 καὶ
1053 2704 1083 2736 Β
1233 2702 1290 2737 14.
1316 2702 1405 2747 ἤνυε
1430 2701 1483 2747 65]
1507 2701 1554 2750 ἤν
1577 2698 1644 2738 υδὲ
1667 2702 1779 2734 A.mst

478 2749 537 2782 19.
562 2747 800 2806 Λουκούλλῳ]
827 2745 1047 2798 Λευκούλλῳ
1071 2747 1149 2786 edd.
1173 2753 1253 2788 ante
1273 2749 1475 2786 Bekkerum
1613 2746 1670 2783 24
1692 2745 1811 2793 μηδὲν
1828 2748 1871 2790 Α.

480 2795 608 2831 caeteri
633 2792 674 2831 δὲ
695 2793 789 2842 μηδὲ
782 2807 815 2831 ν
1554 2818 1558 2821 -

1958 1685 1960 1703 Ι

1956 1708 1968 1740 ζμ
