1968 3346
358 204 663 248 EXCERPTA
691 203 1122 247 HOESCHELIANA
1151 205 1200 247 L.
1231 203 1346 248 XXI.
1530 208 1559 250 7

272 316 323 362 τό
371 317 451 372 μὲν
490 317 575 387 γὰρ
623 316 839 373 ἀγνοῆσαί
873 331 980 360 ποτε
1023 332 1135 360 κατα
1178 316 1258 359 τὸν
1297 318 1398 373 βίον
1437 317 1556 361 ἐστὶν

158 373 425 443 ἀνθρώπου,
463 380 513 418 τὸ
555 373 601 418 δὲ
641 374 709 416 ἐπὶ
749 378 843 422 τοῖς
882 371 1034 423 αὐτοῖς
1064 371 1290 428 πράγμασι
1318 374 1554 426 πλεονάκις

158 430 429 488 ἁμαρτάνειν
457 429 602 474 τέλεον
638 429 930 499 ἐξεστηκότος
953 434 1045 480 τοῖς
1073 434 1313 484 λογισμοῖς.
1346 430 1436 486 ὅσῳ
1466 430 1552 487 γάρ
1582 438 1637 478 20

157 490 358 533 πλείοσιν
388 485 655 541 ἐλαττώμασι
683 485 1083 555 περιπεπτώκαμεν,
1124 485 1323 543 τοσούτῳ
1354 477 1554 544 μείζονος

157 548 369 602 τιμωρίας
398 543 512 595 άξιοι
541 548 684 599 τυχεῖν
714 542 981 599 ύπάρχομεν.

280 603 346 648 ἐπὶ
372 605 588 644 τοσοῦτον
616 600 699 654 γάρ
735 617 850 651 τινες
882 604 972 643 τῶν
1002 602 1193 642 πολιτων
1222 599 1552 670 προεληλύθασι

157 659 406 710 πλεονεξίας
437 656 540 707 ω’ςτε
570 656 813 713 βούλεσθαι
837 656 940 707 τοὺς
971 658 1112 706 ἰδίους
1140 657 1291 706 οἴκους
1321 656 1550 713 λαμπρούς
1580 660 1636 705 25

157 713 498 767 κατασκευάζειν
527 714 575 757 ἐκ
603 717 693 756 τῶν
726 718 801 770 τῆς
829 715 1042 769 πατρίδος
1078 712 1377 782 ἀτυχημάτων.

272 776 314 815 οἱ
344 771 390 815 δὲ
420 771 521 825 περὶ
551 770 656 821 τούς
687 773 968 841 βοηθοῦντας
1000 774 1093 821 τοῖς
1123 768 1275 821 άλλοις
1300 769 1549 828 ἀνομήσαν-

14 901 15 911 ’
67 846 228 929 Ᾰ494τῗς
252 832 351 928 nonii
381 826 449 928 δίζῖ
465 826 698 954 χὲδγιξαιμῖἔιῗ
727 826 1049 957 ήμῗιέἵηύμτζῖόίς
1080 885 1239 927 δοῦναι
1269 883 1548 942 συγγνωμην,
1580 886 1636 929 16

29 963 31 974 ·
158 944 219 995 εἰς
247 941 292 986 δὲ
320 939 400 986 τὸν
428 941 587 985 λοιπὸν
614 940 778 1010 χρόνον
808 942 920 997 ἔχειν
951 939 1140 996 εἰρήνην.
1580 946 1638 986 30

258 998 355 1042 Ὀτι
396 996 452 1042 οὐ
484 1000 551 1042 δεῖ
581 1015 686 1050 τους
727 997 1062 1054 ἁμαρτήσαντας
1099 997 1146 1040 ἐκ
1182 997 1348 1048 παντός
1375 997 1548 1053 τρόπου
1579 1003 1637 1043 17

156 1054 379 1109 κολάζειν,
422 1053 532 1099 ἀλλά
573 1055 677 1107 τούς
716 1055 787 1099 ἐπὶ
816 1061 910 1107 τοῖς
938 1054 1262 1112 ἡμαρτημένοις
1291 1072 1350 1111 μη
1380 1058 1550 1111 μεταδι-

158 1113 470 1168 δασκομένους.
1581 1137 1637 1176 13

257 1170 360 1213 “On
397 1173 600 1240 προτερεῖ
625 1183 744 1224 παρα
774 1173 868 1220 τοῖς
900 1165 1153 1223 ἀνθρώποις
1181 1166 1209 1225 ἡ
1239 1168 1319 1225 μὲν
1345 1168 1550 1213 ἐπιείκεια
1575 1192 1633 1235 35

155 1230 232 1284 τῆς
259 1225 419 1298 ὀργῆς,
451 1225 479 1282 ἡ
512 1227 559 1269 δὲ
593 1225 816 1297 εὐεργεσία
846 1228 923 1282 τῆς
951 1227 1171 1281 τιμωρίας.

259 1282 356 1327 Ότι
385 1283 524 1327 καλὸν
553 1284 628 1326 καὶ
659 1281 843 1326 εὔθετόν
869 1283 959 1326 ἐστι
994 1283 1117 1326 λύειν
1147 1299 1228 1337 μεν
1255 1281 1336 1338 τήν
1365 1282 1548 1353 ε’χθραν,
1578 1289 1634 1328 19

156 1339 424 1396 ἀντειςάγειν
453 1339 500 1384 δὲ
524 1341 689 1409 φιλίαν.
722 1340 830 1384 ὅταν
857 1357 943 1396 γαρ
974 1341 1034 1390 εἰς
1065 1338 1256 1409 ἀπορίαν
1286 1340 1391 1409 ε’λθη
1423 1338 1446 1383 ὁ
1479 1338 1551 1382 ἄν

155 1403 362 1451 θρωπος,
400 1397 472 1442 ἐπὶ
506 1396 687 1455 πρώτην
725 1396 807 1454 τὴν
846 1402 937 1441 τῶν
977 1399 1124 1454 φίλων
1161 1394 1367 1454 ἁρπαγὴν
1405 1394 1552 1454 ὁρμᾶν

155 1457 356 1499 εἴωθεν-

259 1511 360 1555 “On
389 1510 584 1567 ε’μφυτος
619 1506 733 1556 οὖσα
769 1516 864 1564 τοῖς
892 1509 1152 1564 ἀνθρώποις
1180 1529 1208 1583 η
1237 1514 1320 1555 τοῦ
1347 1512 1550 1563 πλείονος
1578 1483 1637 1583 {g

155 1568 370 1623 ἐπιθυμία
397 1572 473 1638 τῇς
500 1568 708 1638 τοιαύτης
722 1567 877 1638 ὁρμῆς
907 1568 1004 1612 066³
1037 1569 1152 1621 ὅλως
1182 1568 1398 1624 ἀφέξεται.

272 1628 339 1669 δεῖ
381 1624 467 1681 γὰρ
497 1624 547 1668 τό
589 1630 666 1681 τῆς
706 1624 1014 1694 ὑπερηφανίας
1052 1626 1240 1694 μέγεθος
1277 1625 1351 1668 καὶ
1393 1623 1443 1668 ‘co‘
1474 1625 1551 1679 τῆς

156 1682 342 1752 εσθῆτος
371 1682 640 1735 τυραννικόν
668 1685 786 1726 οἴκοι
816 1681 1073 1750 φυλάττειν,
1109 1685 1170 1733 εἰς
1200 1682 1246 1725 δε
1277 1682 1407 1726 πόλιν
1436 1681 1550 1725 έλευ-
1579 1675 1634 1720 45

157 1737 329 1796 θέραν
331 1737 520 1790 εἰςιόντα
549 1745 641 1789 τοῖς
670 1739 829 1783 ἐνθάδε
859 1738 1016 1795 νόμοις
1048 1742 1294 1782 πείθεσθαι.

274 1797 328 1839 οὑ
368 1795 452 1850 γάρ
483 1812 547 1845 τις
584 1796 634 1839 τὸ
663 1796 790 1852 γένος
819 1796 894 1839 καὶ
923 1813 1004 1866 την
1035 1798 1266 1866 βασιλείαν
1289 1792 1551 1863 κεκληρονό·

156 1868 290 1908 μηκε,
328 1851 492 1895 τούτου
521 1857 574 1895 θε
560 1851 696 1909 λησει
724 1854 798 1898 καὶ
826 1857 926 1922 τῆς
941 1851 1142 1905 εὐδοξίας
1170 1852 1379 1922 γενέσθαι
1409 1850 1552 1895 διάδο-

150 1925 255 1982 χος·
291 1908 470 1966 αἰσχρὸν
498 1909 583 1965 γάρ
615 1910 705 1959 ἐστι
735 1909 783 1954 vd
809 1910 888 1966 μὲν
911 1907 1053 1966 ὄνομα
1083 1911 1234 1967 φέρειν
1255 1908 1441 1966 Πύῤῥου
1469 1911 1552 1953 τοῦ
1581 1904 1638 1947 50

150 1964 395 2037 Ἀχιλλέως,
425 1971 520 2018 ταῖς
555 1966 602 2010 δὲ
631 1965 814 2021 πράξεσι
841 1969 1081 2023 φαίνεσθαι
1114 1969 1340 2037 Θερσίτην.

272 2023 363 2080 ὅσῳ
412 2021 498 2094 γάρ
543 2040 611 2075 τις
657 2026 859 2075 πλείονος
906 2024 1104 2079 κυριεύει
1131 2023 1313 2094 δόξης,
1350 2022 1550 2080 τοσούτῳ

156 2081 338 2150 μείζονα
372 2080 500 2136 χάριν
540 2081 624 2133 ε’ξει
652 2087 745 2132 τοῖς
779 2082 935 2133 αἰτίοις
971 2086 1059 2124 τῶν
1091 2079 1414 2150 εὐτυχημάτων.
1445 2081 1550 2130 ω’ςτε

156 2155 224 2182 ων
250 2137 435 2181 δύναταί
464 2154 529 2191 τις
555 2137 786 2194 τυγχάνειν
815 2139 922 2208 μετὰ
952 2138 1080 2193 δόξης
1116 2139 1187 2182 καὶ
1218 2137 1421 2208 χάριτος,
1453 2136 1550 2180 τού·
1579 2129 1636 2172 55

153 2211 244 2238 των
272 2193 355 2238 οὐκ
393 2194 451 2238 ἂν
491 2194 760 2253 έπιθυμήσαι
795 2195 902 2253 μετά
933 2194 1105 2248 ἀδικίας
1141 2195 1217 2239 καὶ
1246 2194 1448 2246 ὀνείδους
1476 2211 1551 2238 κυ-

188 2256 343 2296 ιεῦσαι.

156 2268 182 2308 Q
269 2307 407 2355 καλὸν
437 2303 522 2352 οὖν
550 2309 693 2362 ἔστιν,
727 2311 761 2353 [ὁ
795 2307 1055 2379 ἄνθρωποι,
1095 2327 1143 2353 εν
1172 2313 1262 2360 τοῖς
1303 2307 1553 2378 ἀλλοτρίοις

159 2362 440 2422 ἁμαρτήμασι
488 2367 590 2421 περὶ
633 2371 710 2423 τῆς
751 2368 864 2419 ἰδίας
911 2365 1152 2423 ἀσφαλείας
1191 2364 1434 2424 λαμβάνειν
1471 2364 1552 2422 τὴν

157 2426 327 2493 πεῖραν.

258 2477 358 2522 *Ὅτι
388 2476 442 2523 06
472 2481 540 2527 δεῖ
565 2482 823 2537 προκρίνειν
851 2479 951 2525 τινὰ
978 2483 1055 2534 τῆς
1085 2497 1165 2537 μεν
1197 2481 1447 2552 συγγενείας
1473 2479 1553 2534 τὴν

159 2533 498 2591 ἀλλοτριότητα,
543 2542 619 2595 τῆς
659 2539 706 2583 δὲ
743 2543 834 2584 τῶν
878 2537 1119 2595 συμμάχων
1159 2536 1338 2590 εὐνοίας
1375 2537 1424 2581 τὸ
1463 2540 1554 2580 τῶν

159 2594 380 2648 πολεμίων
409 2598 550 2649 μῖσος.

1581 2348 1636 2387 21

1580 2406 1636 2446 60

253 2716 337 2752 494.
367 2718 426 2752 41.
460 2716 591 2766 ὁρμῆς]
626 2719 766 2761 πόλεως
790 2721 874 2756 Exc.
898 2722 973 2755 Vat
1008 2732 1040 2764 p.
1065 2720 1123 2755 50.
1148 2721 1182 2754 2.
1323 2718 1380 2753 53
1403 2718 1556 2765 μείζονα

161 2764 278 2801 Rhod.
271 2789 293 2808 .‚
314 2765 483 2811 μείζονος
508 2768 542 2802 Η
681 2767 739 2803 55.
772 2763 921 2808 ἀδικίας
945 2767 1087 2813 Rhod„
1125 2765 1276 2805 ἀδικίαν
1306 2767 1342 2802 H
