1968 3346
395 179 454 222 54
681 160 984 221 EXCERPTA
1010 178 1208 225 PHOT11
1237 181 1283 222 1.
1311 179 1505 224 xxxlv

399 285 747 343 ἐλευθερώσωσι
785 288 867 345 τὴν
899 292 1110 336 Σικελίαν
1146 294 1222 348 τῆς
1261 291 1475 345 στάσεως,
1505 262 1626 348 παρα
1658 291 1794 346 δόξαν

321 351 373 393 15
402 345 604 414 ἀλλήλοις
650 345 921 402 συνέβησαν,
973 353 1056 393 τοῦ
1094 349 1298 401 Κλέωνος
1343 348 1640 404 ὑποταγέντος
1662 353 1795 423 ψιλῷ

399 407 484 446 τοῦ
524 401 679 445 Εὕνου
715 407 1008 472 προςτάγματι
1039 406 1113 448 καὶ
1141 406 1238 478 τήν
1246 409 1328 449 τοῦ
1355 409 1603 478 στρατηγοῦ
1637 404 1708 450 οἷα
1740 396 1793 462 δν)

401 461 573 515 βασιλεῖ
607 460 757 514 χρείαν
793 458 1183 532 ἀποπληροῦντος,
1225 463 1398 532 ε’χοντος
1427 464 1595 506 οἰκεῖον
1623 467 1795 533 πλῆθος

404 520 683 569 στρατιωτῶν
719 521 1092 573 πεντακιςχιλίων·
1130 517 1285 574 ἡμέραι
1325 517 1369 589 δ’
1410 518 1538 575 ἐγγύς
1565 513 1679 574 ἦσαν
1709 518 1796 563 ἀπό

318 580 373 619 20
403 575 480 642 τῆς
516 570 796 624 ἀποστάσεως
828 574 1076 628 τριάκοντα.
1117 576 1192 619 καὶ
1234 575 1340 632 μετὰ
1379 577 1521 632 βραχὺ
1554 576 1601 619 ἐκ
1625 575 1798 647 Ῥώμης

400 627 554 683 ἥκοντι
594 634 822 700 στρατηγῷ
857 633 1030 690 Λευκίῳ
1054 631 1246 704 Τψαίῳ,
1285 633 1427 688 ε’χοντι
1456 631 1720 686 στρατιώτας
1749 633 1798 676 ἐκ

399 688 607 737 Σικελίας
654 677 1022 757 ὀκτακιςχιλίους,
1068 689 1127 739 εἰς
1163 677 1369 759 πόλεμον
1415 688 1706 739 καταστάντες
1751 691 1798 732 οῖ

400 740 644 785 ἀποστάται
682 742 915 798 ἐνίκησαν,
937 749 1122 813 πλῆθος
1160 744 1284 796 ὄντες
1321 745 1554 806 διςμύριοι.
1601 744 1698 802 μετ’
1742 744 1798 789 οὐ

399 797 516 843 πολυ
549 799 595 842 δὲ
613 798 873 870 ἀθροίζεται
901 799 951 847 τὸ
983 800 1182 856 σύστημα
1221 800 1370 850 αὐτῶν
1401 804 1460 853 εἰς
1490 801 1709 857 μυριάδας
1739 804 1799 846 εί-

318 859 373 902 25
404 867 524 904 κοσι,
554 856 629 899 καὶ
656 861 836 908 πολλοῖς
864 862 957 910 τοῖς
987 857 1099 912 πρὸς
1123 858 1364 917 Ῥωμαίους
1391 857 1600 913 πολέμοις
1626 859 1797 903 ἐνευδο-

401 911 662 967 κιμήσαντες
689 912 869 957 ἔλαττον
898 912 1025 966 αὐτοὶ
1045 918 1234 959 ἔπταιον.
1267 917 1321 959 οὐ
1346 915 1659 984 διαβοηθέντος
1687 932 1799 959 κατα

401 984 446 1011 τε
479 968 649 1037 Ρώμην
687 968 863 1013 δούλων
900 970 1137 1024 ἀπόστασις
1177 971 1334 1015 ἑκατὸν
1368 972 1637 1042 πεντήκοντα
1673 984 1800 1016 συνο-

399 1024 634 1079 μοσάντων
663 1023 898 1082 ἀνήπτετο
930 1029 1004 1075 καὶ
1032 1044 1144 1072 κατα
1175 1029 1254 1084 τὴν
1270 1028 1465 1098 Ἀττικὴν
1494 1028 1602 1084 ὑπὲρ
1615 1031 1798 1099 χιλίων,

315 1086 372 1127 30
401 1082 449 1124 ἔν
476 1098 521 1125 τε
550 1081 683 1139 Δηλῳ
712 1085 787 1126 καὶ
817 1083 907 1127 κατ’
939 1084 1101 1136 ἄλλους
1129 1084 1321 1135 πολλοὺς
1349 1084 1534 1154 τόπους·
1567 1085 1647 1136 οὒς
1678 1084 1798 1142 τάχει

397 1154 443 1182 τε
471 1143 561 1209 τῆς
562 1142 785 1206 βοηθείας
813 1142 886 1184 καὶ
913 1146 967 1199 τῇ
996 1144 1175 1213 σφοδρᾷ
1203 1140 1382 1188 κολάσει
1411 1146 1484 1198 τῆς
1514 1144 1725 1213 τιμωρίας
1755 1143 1799 1185 οἱ

399 1195 508 1239 καθ’
546 1194 731 1240 ἕκαστον
759 1197 1015 1269 ἐπιμεληταὶ
1048 1203 1137 1252 τῶν
1166 1204 1333 1243 κοινῶν
1360 1203 1528 1270 θᾶττον
1556 1198 1794 1268 ἠφάνισαν,

399 1255 754 1308 σωφρονίσαντες
792 1255 866 1298 καὶ
906 1255 956 1298 vd
997 1249 1104 1299 άλλο
1142 1255 1250 1300 ὅσον
1280 1258 1335 1311 ἠν
1364 1255 1434 1310 επὶ
1464 1254 1698 1310 ἀποστάσει
1726 1271 1799 1311 με-

398 1309 576 1380 τέωρον,
615 1310 726 1354 κατὰ
762 1312 809 1355 δὲ
838 1306 1050 1357 Σικελίαν
1077 1311 1231 1368 ηὔξετο
1261 1313 1311 1356 τὸ
1341 1312 1505 1361 κακόν,
1547 1313 1622 1357 καὶ
1651 1307 1800 1364 πόλεις

315 1370 371 1413 35
400 1364 633 1421 ἡλίσκοντο
675 1366 916 1438 αὔτανδροι
956 1370 1031 1414 καὶ
1069 1369 1212 1413 πολλα
1263 1368 1541 1439 στρατόπεδα
1573 1367 1664 1412 ὑπὸ
1709 1373 1800 1412 τῶν

399 1423 658 1468 ἀποστατῶν
705 1425 1044 1493 κατεκόπησαν,
1103 1426 1184 1478 ε’ως
1225 1425 1542 1477 Ῥουπίλιοςο
1572 1424 1802 1481 Ῥωμαίων

399 1479 638 1536 στρατηγὸς
666 1479 715 1524 τό
748 1483 1061 1551 Ταυρομένιον
1090 1482 1341 1556 ἀνεσώσατο
1367 1481 1625 1552 Ῥωμαίοις,
1649 1499 1800 1537 καρτε-

399 1541 488 1591 ρῶς
531 1539 610 1594 μὲν
650 1536 758 1581 αὐτὸ
798 1539 1121 1610 πολιορκήσας,
1169 1541 1243 1583 καὶ
1289 1541 1349 1590 εἰς
1388 1539 1563 1609 ἄφατον
1602 1538 1800 1595 ἀνάγκην

397 1595 473 1637 καὶ
501 1595 630 1650 λιμόν
656 1612 766 1646 τους
794 1595 1042 1647 ἀποστάτας
1071 1598 1351 1665 συγκλείσας,
1391 1596 1495 1646 ὤςτε
1529 1594 1799 1651 ἀρξαμένους

315 1655 372 1699 40
402 1667 450 1694 εκ
479 1653 650 1694 παίδων
669 1655 809 1707 βορας
835 1654 910 1696 καὶ
939 1653 1197 1725 διελθόντας
1226 1652 1299 1696 διὰ
1326 1656 1554 1722 γυναικῶν
1583 1652 1691 1708 μηδε
1720 1656 1867 1709 τῆς529

402 1705 552 1751 αὑτῶν
582 1707 910 1778 ἀλληλοφαγίας
937 1708 1045 1780 μηδ’
1079 1710 1189 1761 ὅλως
1220 1711 1483 1766 φείσασθαι
1515 1708 1586 1753 ὅτε
1617 1709 1688 1752 καὶ
1710 1712 1798 1752 Κο-

401 1764 546 1819 μανὸν
584 1765 663 1808 τόν
706 1765 900 1826 ἀδελφὸν
938 1767 1142 1817 Κλέωνος
1181 1767 1403 1822 φεύγοντα
1433 1770 1509 1821 τῆς
1538 1770 1802 1820 πολιορκου-

398 1820 550 1891 μένης
559 1821 727 1873 πόλεως
755 1819 851 1870 εἷλε.
884 1824 959 1867 καὶ
976 1823 1025 1867 τὸ
1056 1828 1304 1869 τελευταῖον
1321 1824 1617 1876 Σαραπίωνος
1642 1822 1803 1875 Σύρου

316 1881 371 1925 45
401 1878 482 1933 τήν
522 1877 664 1948 ἄκραν
704 1879 950 1933 προδόντος
979 1881 1242 1936 συμπάντων
1271 1884 1361 1922 τῶν
1391 1880 1438 1925 ἐν
1455 1882 1521 1951 τῇ
1547 1878 1670 1923 πόλει
1699 1881 1803 1934 δρα-

397 1937 543 1979 πετῶν
591 1933 615 1979 6
656 1936 896 1992 στρατηγὸς
939 1937 1216 2009 ἐκυρίευσεν
1269 1935 1349 1987 ου“ς
1395 1936 1470 1978 καὶ
1521 1934 1801 1990 αἰκισάμενος

398 1991 756 2065 κατεκρήμνισεν.
797 1993 968 2037 ε’κειθεν
996 1993 1064 2041 επὶ
1094 1993 1176 2050 τὴν
1193 1992 1358 2036 ’Ένναν
1388 1991 1533 2036 ελθῶν
1562 1997 1802 2048 παραπλη-

400 2051 540 2105 σίως
553 2048 821 2119 ἐπολιόρκει,
874 2053 935 2101 εἰς
979 2049 1161 2123 ἐσχάτην
1199 2049 1398 2105 ἀνάγκην
1445 2050 1685 2104 συγκλείων
1723 2066 1802 2100 τας

398 2110 489 2148 τῶν
540 2103 800 2150 ἀποστατῶν
844 2105 1033 2159 ελπίδας.
1083 2107 1157 2153 καὶ
1211 2107 1394 2150 Κλέωνα
1433 2105 1514 2149 τόν
1555 2105 1802 2176 στρατηγὸν

317 2168 372 2212 50
401 2160 636 2213 εξελθόντα
664 2167 747 2233 τῆς
785 2162 954 2215 πόλεως
991 2165 1064 2208 καὶ
1101 2163 1303 2220 ηρωικῶς
1340 2161 1671 2222 ἀγωνισάμενον
1712 2161 1801 2218 μετ’

400 2218 564 2273 ὀλίγων
602 2216 688 2262 ὑπό
741 2224 832 2263 τῶν
871 2221 1131 2291 τραυμάτων
1179 2221 1320 2273 δείξας
1365 2219 1565 2288 νεκρόν,
1602 2216 1686 2262 εἷλε
1723 2235 1801 2262 και

396 2275 562 2346 ταύτην
589 2277 807 2346 προδοσία
835 2294 917 2334 την
945 2277 1100 2331 πόλιν,
1130 2277 1223 2321 επεὶ
1253 2274 1356 2321 οὐδ’
1387 2293 1457 2346 ην
1475 2273 1694 2329 ἁλώσιμος
1725 2273 1801 2318 δια

397 2333 479 2389 τὴν
507 2331 750 2400 ὀχυρότητα
785 2322 864 2392 βία
892 2333 1048 2391 χειρός.
1089 2332 1113 2379 ὁ
1144 2334 1191 2379 δὲ
1220 2333 1403 2388 Εὔνους
1432 2330 1668 2388 αναλαβῶν
1695 2347 1801 2383 τους

396 2435 455 2469 14.
481 2433 641 2477 στάσεως
663 2436 715 2477 A,
740 2436 868 2472 caeteri
893 2433 1131 2479 ἀποστάσεως
1267 2436 1324 2472 16.
1350 2433 1396 2480 δὴ
1423 2435 1472 2479 Α,
1498 2434 1629 2469 caeteri
1654 2435 1714 2470 δεῖ

400 2483 460 2517 ’6.
487 2479 614 2527 αυτοὶ]
640 2479 757 2517 αὐτὸν
779 2484 889 2518 Αῐῐιετ,
1016 2484 1073 2518 27.
1101 2480 1231 2520 {naz-61)
1246 2481 1476 2526 πεντήκοντα
1493 2480 1799 2536 συνομοσάντων]

401 2527 742 2584 ἐνσυνωμοσάντων
767 2530 876 2564 Amet.
1015 2530 1073 2564 30.
1097 2528 1196 2575 τάχει
1218 2541 1258 2564 τε
1281 2531 1330 2566 Α
1356 2528 1485 2562 caeteri
1507 2525 1611 2572 τάχει
1735 2527 1796 2562 36.

401 2571 606 2615 Ῥουπίλιος
635 2576 942 2630 Rhodomannus,
972 2572 1144 2618 Ροτίλιος
1174 2578 1204 2612 A
1237 2576 1370 2613 Amst„
1411 2571 1613 2612 Ρουτίλιος
1646 2573 1794 2607 caeteri:

397 2622 503 2655 scribi
528 2621 654 2664 poterit
675 2617 858 2662 Ροπίλιος
973 2621 995 2657 ὁ
1019 2634 1089 2657 om.
1113 2625 1144 2658 A
1260 2622 1319 2660 37.
1345 2618 1559 2656 ἀνεσώσατο
1583 2617 1795 2664 Ῥωμαίοις]

399 2667 545 2702 invertit
569 2669 600 2702 B

489 2713 571 2750 529.
595 2713 653 2750 41.
676 2710 738 2748 ότε
759 2712 888 2758 Amst„
913 2713 1043 2749 caeteri
1068 2710 1127 2750 ὅτι
1290 2711 1348 2749 42.
1376 2714 1432 2748 Ko
1437 2710 1576 2771 μανόν]
1605 2712 1797 2755 Κωμανον

398 2760 428 2793 Α
578 2758 637 2794 50.
665 2757 798 2804 ὀλίγων
823 2761 869 2798 Α,
878 2740 1025 2797 'acteteri
1049 2758 1172 2807 ὀλίγον
1336 2758 1393 2796 52.
1420 2757 1491 2797 οὐδ
1503 2757 1526 2805 ’]
1552 2756 1652 2805 μηδ’
1673 2758 1704 2794 A

396 2806 454 2841 53„
480 2801 500 2840 6
527 2804 566 2843 δὲ
590 2807 618 2842 Α
643 2807 775 2849 Amat„
800 2807 929 2844 caeteri
954 2804 974 2843 6
