1968 3346
412 214 470 257 52
684 207 988 253 EXCERPTA
1014 206 1305 251 VATICANA
1331 208 1379 250 L.
1401 207 1535 253 XXII.

415 320 643 393 ἀγάλματα
673 319 720 364 δὲ
759 318 886 389 μόνα
913 319 1062 362 λίθινα
1100 318 1173 361 καὶ
1214 316 1365 370 ξύλινα
1395 317 1654 375 μεταλαβων
1682 334 1803 362 κατε-

415 378 604 448 γέλασεν
618 377 684 421 ὅτι
700 376 836 427 θεούς
862 373 1282 431 ἀνθρωπομόρφους
1306 380 1416 419 εἰναι
1433 377 1699 427 δοκοῦντες
1689 378 1803 419 ι’στα-

417 446 502 479 σαν
524 433 711 484 τούτους
740 434 941 485 ξυλίνους
969 448 1014 475 τε
1043 432 1118 474 καὶ
1146 433 1359 483 λιθίνους.

519 492 621 535 Ὀτι
659 492 703 534 οῖ
735 490 782 533 έν
811 494 1006 545 Δελφοῖς
1046 488 1167 538 ὄντες
1206 505 1318 531 κατα
1355 487 1435 544 τὴν
1475 490 1565 531 τῶν
1594 490 1804 530 Γαλατῶν

392 547 587 604 5έφοδον
623 550 896 600 θεωροῦντες
925 547 1110 599 πλησίον
1141 544 1247 588 ὄντα
1284 543 1363 588 τὸν
1403 546 1614 587 κίνδυνον
1641 541 1806 616 ἐπηρω-

419 615 558 661 τησαν
593 603 671 649 τὸν
700 602 810 646 θεὸν
849 604 885 645 εἰ
925 618 978 644 τα
1011 618 1207 657 χρηματα
1245 602 1319 645 καὶ
1358 600 1411 643 τὰ
1450 600 1581 643 τέκνα
1617 602 1690 643 καὶ
1727 600 1806 651 τὰς

418 666 632 730 γυναῖκας
671 659 997 714 οἷποκομίσωσιν
1027 658 1073 700 ἐκ
1102 659 1182 700 τοῦ
1213 660 1418 711 μαντείου
1450 657 1562 712 πρὸς
1592 657 1670 708 τοὶς
1709 655 1806 713 ὄχυ-
1928 671 1933 721 i

421 716 616 787 ρωτάτας
646 721 736 760 τῶν
765 717 950 771 πλησίον
980 713 1163 757 πόλεων.
1195 714 1222 769 ἦ
1254 716 1299 757 δὲ
1319 716 1472 757 Πυθία
1500 719 1592 764 τοῖς
1612 718 1862 782 Δελφοῖς47

421 773 659 846 ἀπόκρισιν
698 773 830 816 ε’δωκε
867 771 1145 838 προςτάττειν
1175 771 1255 813 τὸν
1295 770 1403 814 θεὸν
1442 770 1520 812 ἐαν
1560 787 1613 813 τα
1643 768 1807 825 αναθή-
1924 765 1928 780 ¹

366 840 536 900 1Οματα
566 831 640 874 καὶ
668 828 802 872 τᾶλλα
817 828 870 871 τὰ
897 829 1006 882 πρὸς
1035 826 1113 870 τόν
1142 825 1311 882 κόσμον
1339 831 1427 870 τῶν
1446 831 1566 869 θεων
1589 825 1809 895 ανήκοντα

419 901 532 933 κατα
561 885 708 943 χώραν
749 885 796 928 ἐν
828 901 886 954 τῳ
924 886 1131 953 μαντείῳ·
1173 883 1383 953 φυλάξειν
1413 899 1498 938 γαρ
1531 881 1701 926 ἅπαντα
1729 881 1809 926 τόν

419 943 530 988 θεὸν
560 944 633 987 καὶ
664 939 760 998 μετ’
792 930 930 984 αὐτοῦ
965 957 1042 990 τας
1071 941 1240 1010 λευκὰς
1257 940 1404 992 κόρας.
1437 941 1580 983 ὄντων
1603 938 1647 982 δε
1671 955 1718 982 εν
1746 956 1806 996 τῳ

420 999 586 1069 τεμένει
625 1001 747 1071 δυεῖν
787 1001 900 1041 νεῶν
946 1001 1169 1047 παντελῶς
1203 996 1411 1066 αρχαίων
1459 995 1650 1051 Ἀθηνας
1695 1012 1807 1057 προ-

421 1057 537 1101 νάου
577 1056 652 1100 καὶ
687 1054 929 1110 Ἀρτέμιδος
965 1052 1128 1103 ταύτας
1164 1052 1241 1104 τὰς
1269 1053 1404 1104 θεούς
1430 1050 1674 1121 ὑπέλαβον
1695 1057 1809 1095 εἰναι

367 1112 499 1168 15τάς
527 1111 601 1156 δια
631 1116 712 1154 τοῦ
742 1113 941 1182 χρησμοῦ
969 1109 1406 1179 προςαγορευομένας
1435 1110 1590 1160 λευκας
1620 1107 1782 1177 κόρας.

536 1172 610 1211 ΙΙΙ.
639 1166 738 1211 Ὀτι
769 1166 960 1235 Πύῤῥος
985 1166 1260 1236 προτερήσας
1298 1165 1542 1235 περιβοήτῳ
1571 1167 1672 1222 νίκῃ
1703 1182 1810 1216 τους

420 1229 512 1271 τῶν
542 1228 753 1268 Γαλατῶν
791 1221 998 1291 θυρεους
1016 1221 1229 1278 ανέθηκεν
1268 1225 1328 1273 εἰς
1363 1222 1412 1265 τό
1445 1223 1564 1276 ἱερὸν
1593 1226 1668 1276 τῆς
1693 1220 1809 1264 Ἰτω-

382 1280 384 1282 ’
420 1285 544 1333 νίδος
562 1279 748 1349 Ἀθηνᾶς
766 1280 836 1323 καὶ
868 1283 956 1322 τῶν
980 1276 1123 1322 α’λλων
1144 1276 1359 1334 λαφύρων
1388 1277 1440 1321 τὰ
1467 1277 1810 1321 πολυτελέστατα

422 1338 503 1395 τὴν
534 1335 781 1392 ἐπιγραφὴν
809 1335 937 1405 τήνδε
967 1335 1284 1406 ποιησάμενος,

366 1414 424 1457 20
453 1394 557 1446 τούς
585 1393 778 1446 θυρεοὺς
810 1390 833 1435 6
868 1394 1093 1443 Μολοττὸς
1117 1390 1302 1435 Ιτωνίδι
1331 1393 1477 1446 δωρον
1501 1389 1666 1450 Ἀθηνᾷ

568 1450 751 1519 Πύῤῥος
781 1447 864 1492 απὸ
895 1448 1100 1501 θρασέων
1129 1448 1362 1503 ἐκρέμασεν
1393 1452 1604 1491 Γαλατων

451 1506 595 1554 πάντα
612 1508 692 1550 τόν
704 1504 956 1561 Ἀντιγόνου
978 1505 1180 1549 καθελών
1199 1505 1406 1562 στρατόν·
1434 1503 1489 1548 οὐ
1507 1506 1614 1561 μέγα
1633 1508 1807 1562 θαῦμα

560 1621 618 1656 52.
644 1621 678 1655 2.
711 1619 922 1663 δοκοῦντες]
955 1620 1163 1661 &oneum-029
1187 1622 1242 1655 ed.
1267 1623 1370 1655 Rom.
1397 1628 1432 1654 et
1456 1617 1680 1665 κατεγέλασε.

562 1668 622 1702 52.
647 1668 681 1701 9.
718 1666 843 1710 ἔδωκε]
877 1665 1011 1702 ἔδωκεν
1034 1669 1089 1701 ed.
1115 1670 1216 1701 Rom.

562 1714 621 1747 52.
650 1714 703 1746 11-
738 1710 851 1754 κατὰ]
877 1715 976 1747 abest
1000 1715 1042 1747 ab
1070 1715 1124 1746 ed.
1150 1716 1252 1747 Rom.

562 1759 619 1793 52.
648 1760 701 1792 17.
731 1755 927 1802 Ἰτωνίδος]
960 1761 1046 1793 eod.
1077 1759 1307 1802 τριτωνιδος.
1354 1759 1445 1796 Vide
1476 1759 1722 1794 adnotationes
1755 1770 1811 1793 se-

471 1813 633 1851 quentes.
658 1806 755 1838 MAI.
768 1829 778 1847 ,
808 1806 866 1850 qui
891 1807 1033 1860 scripsit
1052 1803 1248 1845 Ἰτώνιδος.

563 1852 620 1885 52.
650 1851 703 1885 18.
740 1849 799 1893 τα]
830 1852 956 1895 incipit
981 1853 1111 1886 codicis
1136 1866 1170 1897 p.
1191 1853 1271 1886 272.

563 1897 620 1931 52.
646 1897 703 1932 20.
730 1897 942 1953 ,Melet-teis]
970 1900 1115 1932 Pausan.
1143 1907 1177 1931 et
1195 1900 1288 1931 Plut.
1314 1904 1348 1930 et
1373 1898 1468 1931 anth.
1487 1894 1690 1937 Μολοσσός.
1713 1897 1811 1929 ΜΑΙ.

566 1943 622 1976 52.
647 1943 703 1976 20
730 1940 899 1986 Ἰτωνίδι]
929 1946 1013 1977 Cod.
1039 1942 1259 1987 Τριτώνιδι,·
1286 1945 1346 1976 sed
1364 1953 1604 1997 praeterquam
1622 1943 1713 1988 quod
1731 1942 1810 1975 vio-

472 1989 567 2023 latur
590 1996 758 2030 metrum,
786 1991 974 2023 Pausanias
1000 1999 1034 2023 et
1059 1993 1265 2024 Plutarchus
1290 1991 1454 2022 mendum
1475 1992 1666 2034 corrigunt.
1700 1990 1810 2021 Porro

473 2034 565 2067 nihil
589 2036 709 2067 notius
736 2043 789 2069 est
814 2036 971 2069 Minerva
995 2037 1118 2070 itonia.
1151 2038 1241 2070 Vide
1262 2037 1398 2068 Livium
1422 2038 1592 2071 XXXVI
1611 2036 1677 2075 20,
1701 2034 1811 2078 Poly-

474 2080 570 2113 b1um
591 2081 648 2113 IV
673 2080 730 2114 25.
755 2083 888 2114 XXVI.
913 2081 947 2114 5.
980 2084 1076 2117 MAI.
1087 2083 1183 2125 ,qui
1202 2079 1371 2115 Ἰτώνιδι.

566 2124 704 2160 5220.
736 2124 1240 2182 ³A&nvc}]Pausa11.Plut.et
1264 2129 1358 2160 anth.
1381 2122 1531 2173 Ἀθάνᾳ.
1563 2127 1660 2158 MAI.

565 2170 622 2204 52.
646 2172 704 2206 21.
739 2170 912 2215 ἐκρέμασε
937 2172 1130 2215 Γαλατων]
1167 2174 1258 2206 Plut.
1290 2170 1485 2216 ἐκρέμασεν
1502 2163 1695 2206 Γαλατᾶν.
1742 2172 1811 2205 Sed

473 2215 623 2250 Pausan.
648 2225 684 2249 et
707 2220 800 2252 anth.
823 2220 976 2273 planud3
992 2217 1176 2262 ἐκρέμασε.
1210 2221 1306 2252 MAI.

565 2262 623 2295 52.
648 2263 705 2296 22.
741 2262 800 2307 οὐ]
837 2265 920 2297 cod.
947 2264 996 2304 ώ;
1030 2278 1137 2310 quare
1163 2265 1348 2298 dicendum
1375 2272 1467 2298 esset
1490 2273 1509 2293 0
1534 2266 1675 2309 grande
1698 2265 1811 2297 νηί-να

474 2306 613 2345 οιιῖιινηῑ
638 2321 725 2352 quae
750 2312 923 2344 sententia
945 2312 1109 2356 infringit
1132 2312 1391 2356 epigrammatis
1415 2321 1579 2344 acumen:
1605 2311 1724 2356 itaque
1747 2311 1811 2344 ad-

475 2353 561 2386 scivi
586 2365 604 2387 e
628 2354 814 2390 Plutarcho
840 2352 1030 2391 ov.MA1.

427 2461 559 2506 Pyrrhi
582 2464 686 2498 rebus
710 2468 923 2510 composuit,
959 2469 1041 2511 quia
1063 2472 1149 2503 teste
1174 2469 1326 2514 Polybio
1346 2466 1374 2502 1.
1409 2467 1442 2502 6.
1490 2468 1545 2512 Py
1547 2467 1648 2502 rrhus
1680 2467 1716 2502 in
1738 2468 1808 2502 Ita-

427 2507 514 2542 liam
538 2511 632 2543 *enit
656 2522 745 2546 anno
769 2514 865 2556 prius
888 2525 992 2557 quam
1017 2516 1111 2549 Gaui
1135 2517 1170 2549 in
1197 2516 1396 2550 Graeciam.
1432 2479 1545 2548 ΜΑΙῘΥ

521 2554 578 2588 52.
605 2555 660 2590 15.
701 2560 879 2593 Habemus
910 2561 1000 2594 hanc
1032 2562 1215 2595 historiam
1249 2561 1405 2595 versibus
1440 2559 1590 2602 politicis
1624 2559 1811 2604 diligenter

426 2599 616 2644 scriptam,
641 2614 720 2638 cum
744 2606 819 2648 ipso
835 2607 995 2645 oraculo
1021 2609 1114 2651 apud
1135 2608 1301 2642 Tzetzem
1320 2607 1402 2641 chil.
1426 2608 1484 2639 M.
1510 2605 1590 2640 378.
1612 2617 1684 2648 sqq.
1689 2586 1809 2640 eMAL

519 2627 660 2682 52.,17.
698 2651 877 2685 Minervae
908 2635 1039 2686 itoniae
1076 2658 1168 2698 temp
1172 2655 1245 2688 lum
1276 2654 1367 2687 inter
1396 2653 1528 2686 Pheras
1569 2655 1603 2685 et
1633 2651 1810 2685 Larissam

426 2691 581 2726 extitisse
606 2695 657 2727 ait
680 2698 871 2730 Pausanias
895 2698 921 2731 I.
948 2699 1002 2732 13.
1036 2700 1132 2736 MAI.

518 2738 656 2773 5219
709 2744 812 2778 Extat
846 2755 987 2787 sequens
1019 2746 1238 2789 epigramma
1269 2745 1359 2788 apud
1382 2745 1474 2778 Paua
1477 2743 1595 2777 aniam
1618 2743 1645 2776 Ι
1676 2742 1742 2784 13,
1775 2746 1811 2778 et

425 2782 518 2826 apud
542 2785 772 2822 Plutarchum
806 2789 842 2822 in
867 2790 1004 2833 Pyrrho
1037 2802 1112 2834 cap.
1133 2791 1264 2827 XXVI.
1313 2791 1352 2825 In
1384 2789 1592 2835 anthologia
1625 2800 1709 2824 vero
1732 2789 1807 2832 pla-

423 2828 539 2865 nudea
560 2830 725 2870 tribuitur
745 2835 920 2872 Leonidae
942 2836 1087 2872 auctori.
1124 2838 1221 2874 MAI.

1898 3231 1914 3346 amem
