1968 3346
569 225 984 268 FRAGMENTA
1025 227 1071 267 L.
1101 225 1286 270 V1.x-
1541 233 1620 273 181

230 351 341 382 κατα
370 336 503 410 μέρος
528 337 575 382 ἐν
603 342 697 389 ταῖς
725 338 810 392 πρὸ
844 337 1016 405 ταύτης
1034 339 1205 407 βίβλοις
1235 338 1614 413 ἀναγεγράφαμεν.

229 391 345 437 εἶναι
384 392 429 438 δ’
470 395 518 438 ἐν
549 394 658 465 αὐτῇ
690 395 801 438 κατά
840 412 937 438 τινα
966 392 1111 450 λόφον
1140 393 1315 452 ὑψηλόν
1342 397 1450 441 καθ’
1484 413 1615 452 υπέρ-

227 450 382 524 βολὴν
385 450 523 520 ἱερὸν
550 450 662 503 Διός
694 453 964 505 Τριφυλίου,
1003 453 1330 507 καθιδρυμένον
1358 453 1442 497 ὑπ’
1475 453 1616 498 αὐτοῦ

226 507 336 551 καθ’
368 505 421 551 ὃν
457 507 614 562 καιρὸν
650 508 900 577 ἐβασίλευσε
938 511 1015 579 τῆς
1046 509 1306 565 οἰκουμένης
1343 509 1540 580 ἁπάσης
1553 511 1614 554 ἐτι

225 565 337 607 κατὰ
367 563 636 621 ἀνθρώπους
675 563 750 607 ω’ν.
801 564 849 608 ἐν
887 564 1026 623 τούτῳ
1065 569 1128 634 τῷ
1166 567 1268 621 ἱερῷ
1308 567 1469 634 στηλην
1500 566 1611 612 εἶναι
1643 573 1697 614 40

225 624 414 677 χρυσῆν,
456 622 503 664 ἐν
533 623 561 690 ᾑ
601 625 693 672 τοῖς
725 623 966 691 Παγχαίοις
1000 610 1256 677 γράμμασιν
1294 621 1507 694 ὑπάρχειν
1546 641 1610 679 γε

223 678 476 734 γραμμένας
503 677 580 728 τάς
611 694 656 720 τε
693 675 906 732 Οὐρανοῦ
933 678 1008 721 καὶ
1037 678 1223 732 Κρόνου
1251 679 1324 721 καὶ
1352 681 1462 730 Διὸς
1502 681 1610 734 πρά-

224 739 308 786 ξεις
342 736 672 789 κεφαλαιωδῶς.
718 751 823 790 μετα
861 733 1001 778 ταῦτα
1038 746 1148 791 φησι
1191 738 1366 790 πρῶτον
1403 734 1608 790 Οὐρανόν

155 793 405 846 634βασιλέα
449 791 701 860 γεγονέναι,
740 791 905 861 ἐπιεικῆ
945 808 1045 835 τινα
1084 793 1226 845 ἄνδρα
1266 793 1340 835 καὶ
1379 791 1608 849 εὐεργέτην

222 848 295 891 καὶ
323 851 399 903 τῆς
427 865 516 890 των
548 845 722 901 ἄστρων
751 848 960 919 κινήσεως
990 847 1276 904 ἐπιστήμονα,
1307 848 1359 893 ὃν
1389 851 1462 893 καὶ
1491 865 1604 904 πρω-
1635 856 1690 899 45

217 920 296 947 τον
323 906 501 955 θυσίαις
527 909 704 961 τιμῆσαι
729 904 834 957 τοὺς
864 904 1103 961 οὐρανίους
1125 876 1287 957 θεούς·
1319 905 1387 949 διὸ
1418 907 1491 950 καὶ
1520 893 1606 950 Οὐ-

218 962 356 1015 ρανόν
392 965 815 1032 προςαγορευθῆναι.
865 962 994 1012 υἱοὺς
1027 962 1073 1006 δὲ
1115 961 1236 1018 αὐτῷ
1274 963 1481 1018 γενέσθαι
1517 962 1604 1007 dmi

216 1017 427 1086 γυναικὸς
443 1017 611 1070 Εστίας
634 1023 798 1062 Τιτανα
819 1020 893 1062 καὶ
917 1017 1119 1073 Κρόνον,
1150 1019 1398 1076 θυγατέρας
1422 1021 1467 1063 δὲ
1483 1019 1606 1063 Ῥέαν

215 1075 291 1118 καὶ
326 1074 579 1143 Δήμητραν.
640 1074 821 1130 Κρόνον
861 1075 908 1119 δὲ
945 1079 1200 1148 βασιλεῦσαι
1240 1076 1346 1131 μετα
1386 1074 1603 1130 Οὐρανόν,

213 1132 288 1176 καὶ
315 1130 514 1188 γήμαντα
537 1132 661 1175 Ῥέαν
697 1137 904 1201 γεννῆσαι
933 1134 1022 1176 Δία
1060 1133 1133 1176 καὶ
1159 1132 1307 1187 Ἠραν
1341 1134 1416 1177 καὶ
1446 1137 1601 1177 Ποσει·
1631 1145 1686 1187 50

213 1190 347 1233 δῶνα
387 1189 466 1232 τὸν
496 1189 542 1233 δε
560 1191 649 1233 Δία
679 1187 990 1259 διαδεξάμενον
1017 1189 1098 1245 τὴν
1128 1191 1355 1259 βασιλείαν
1382 1194 1464 1233 τοῦ
1487 1190 1599 1245 Κρό-

211 1261 298 1288 νου
326 1248 463 1301 γῆμαι
481 1245 626 1300 Ἠραν
654 1247 728 1289 καὶ
756 1245 1020 1317 Δήμητραν
1024 1246 1098 1289 καὶ
1134 1245 1281 1302 Θέμιν.
1323 1247 1366 1299 ἐξ
1404 1248 1467 1290 ὠν
1504 1252 1599 1290 παῖ-

211 1303 293 1352 δας
319 1303 591 1358 ποιήσασθαι
624 1306 858 1359 Κουρῆτας
886 1303 967 1375 μὲν
995 1301 1083 1346 ἀπὸ
1112 1307 1188 1358 τῆς
1216 1302 1411 1374 πρώτης,
1443 1307 1600 1358 Περσε-

212 1358 358 1430 φόνην
388 1360 434 1404 δὲ
468 1361 515 1404 ἐκ
549 1363 625 1416 τῆς
657 1360 882 1414 δευτέρας,
918 1359 1111 1416 Ἀθηνᾶν
1142 1361 1188 1403 δε
1219 1360 1304 1403 ἀπό
1334 1364 1410 1417 τῆς
1439 1363 1596 1430 τρίτης

208 1415 396 1460 ἐλθόντα
426 1418 472 1460 δὲ
502 1418 561 1467 εἰς
582 1420 830 1471 Βαβυλῶνα
861 1417 1180 1472 ἐπιξενωθηναι
1207 1418 1356 1475 Βήλῳ
1387 1418 1462 1460 καὶ
1491 1417 1597 1473 μετὰ
1628 1427 1681 1471 55

209 1476 347 1515 ταῦτα
386 1474 446 1524 εἰς
480 1474 559 1529 τὴν
591 1474 819 1545 Πάγχαιαν
854 1478 995 1529 νῆσον
1035 1473 1144 1528 πρός
1171 1463 1365 1542 Ὠκεανῷ
1394 1474 1596 1530 κειμένην

207 1529 570 1584 παραγενόμενον
608 1530 816 1584 Οὐρανοῦ
854 1535 934 1573 τοῦ
975 1531 1091 1573 ἰδίου
1127 1530 1407 1585 προπάτορος
1425 1532 1597 1599 βωμὸν

209 1585 492 1638 ἱδρύσασθαι.
532 1585 738 1630 κάκεῖθεν
775 1585 846 1630 διὰ
879 1588 1048 1639 Συρίας
1077 1586 1222 1629 ἐλθεῖν
1250 1587 1362 1641 πρὸς
1390 1586 1470 1630 τὸν
1499 1587 1596 1632 τότε

209 1642 430 1698 δυνάστην
460 1642 652 1687 Κάσιον·
685 1645 726 1714 ἐξ
758 1645 812 1686 οὑ
849 1644 922 1686 καὶ
953 1644 1001 1686 τὸ
1032 1643 1208 1686 Κάσιον
1244 1644 1361 1698 ὅρος
1403 1644 1593 1688 ἐλθόντα
1622 1656 1677 1697 60

209 1699 256 1742 δὲ
294 1702 354 1750 εἰς
381 1702 585 1743 Κιλικίαν
623 1701 799 1770 πολέμῳ
834 1703 1010 1755 νικῆσαι
1038 1701 1198 1743 Κίλικα
1237 1699 1473 1756 τοπάρχην.
1518 1701 1592 1744 καὶ

209 1755 319 1799 ἄλλα
356 1757 402 1800 δὲ
435 1762 614 1800 πλεῖστα
645 1757 752 1813 ἐθνη
783 1756 1022 1800 ἐπελθόντα
1049 1756 1157 1812 παρ’
1188 1756 1325 1801 απασι
1353 1761 1595 1815 τιμηθῆναι

205 1814 280 1857 καὶ
308 1818 360 1857 θε
365 1814 417 1857 όν
444 1811 813 1870 αναγορευθῆναι.

322 1885 472 1925 Ταῦτα
499 1882 575 1925 καὶ
604 1882 656 1925 τοὶ
686 1880 858 1933 τούτοις
887 1878 1174 1935 παραπλήσια
1203 1898 1264 1932 ως
1293 1882 1390 1936 περὶ
1413 1885 1594 1952 θνητῶν

203 1937 380 1993 ἀνδρῶν
418 1938 516 1991 περὶ
555 1942 645 1981 τῶν
682 1942 805 1983 θεῶν
844 1937 1030 1982 διελθών
1068 1937 1262 2007 ἐπιφέρει
1298 1937 1461 1993 λέγων,
1503 1939 1590 1981 Καὶ
1619 1951 1676 1994 65

200 1995 301 2050 περὶ
337 2012 417 2064 μεν
431 1994 687 2065 Εὐημέρου
724 1998 806 2039 τοῦ
844 1993 1171 2049 συνταξαμένου
1210 2010 1289 2050 την
1331 1996 1453 2049 ίεραν
1489 1994 1590 2038 ἀνα-

199 2052 379 2108 γραφήν
416 2050 785 2120 ἀρκεσθησόμεθα
821 2057 914 2102 τοῖς
946 2052 1138 2120 ῥηθεῖσι·
1181 2068 1235 2093 τα
1264 2051 1310 2093 δὲ
1346 2051 1464 2106 παροέ
1494 2056 1589 2103 τοῖς

184 2107 365 2164 ”Έλλησι
388 2107 774 2182 μυθολογούμενα
814 2109 913 2163 περὶ
951 2112 1072 2151 θεῶν
1110 2106 1370 2159 ἀκολούθως
1396 2108 1589 2165 *Ησιόδῳ

198 2167 271 2210 καὶ
289 2164 465 2223 Ὁμήρῳ
488 2167 562 2210 καὶ
578 2165 734 2222 Ὀρφεῖ
754 2164 1057 2220 πειρασόμεθα
1077 2163 1304 2221 συντόμως
1324 2153 1589 2222 ἐπιδραμεῖν.
1606 2180 1674 2221 70

312 2235 525 2279 Eusebius
552 2236 707 2292 Pr-aep
737 2234 908 2291 Euang.
936 2233 988 2275 ΙΙ.
1019 2249 1062 2291 p
1086 2237 1154 2279 59-

852 2380 927 2424 111.

315 2483 427 2537 Περὶ
468 2477 530 2526 ὧν
571 2484 721 2538 (θεῶν)
762 2483 809 2527 ἐν
846 2487 942 2534 ταῖς
980 2484 1262 2552 συγγραφαῖς
1298 2480 1440 2526 αὑτοῦ
1473 2479 1586 2536 λέγει
1614 2480 1670 2525 75

197 2539 271 2583 καὶ
308 2540 330 2583 6
369 2539 599 2593 Διόδωρος
641 2539 665 2583 ὁ
707 2539 963 2595 σοφωτατος
1010 2545 1174 2591 ταῦτα,
1237 2538 1304 2583 ὅτι
1352 2538 1584 2591 ἄνθρωποι

198 2595 431 2651 γεγόνασιν
461 2598 504 2639 οἱ
531 2597 651 2644 θεοί,
700 2597 900 2667 οῧςτινας
944 2598 988 2640 οῖ
1027 2595 1259 2651 ἄνθρωποι
1290 2594 1348 2646 ὦς
1384 2597 1582 2649 νομίζον-

197 2669 265 2705 τες
312 2652 373 2697 δι’
414 2651 666 2708 εὐεργεσίαν
701 2653 954 2705 ἀθανάτους
991 2652 1334 2710 προςηγόρευον.
1382 2652 1504 2704 τινὰς
1537 2650 1583 2694 δὲ

286 2799 366 2835 633.
392 2799 449 2834 37.
478 2800 685 2843 Τριφυλίου
706 2804 740 2835 et
763 2799 820 2834 49.
851 2800 992 2835 Τιτᾶνα
1016 2804 1051 2834 et
1072 2800 1129 2834 59.
1155 2798 1208 2833 bis
1231 2796 1372 2834 Κάσιον
1397 2796 1588 2833 wesselin-

196 2844 295 2890 gius:
323 2847 405 2881 libri
428 2848 664 2891 Τριφυλαίου
687 2851 721 2882 et
746 2847 855 2882 Πᾶνα
877 2851 912 2882 et
939 2844 1106 2882 Κάσσιον
