1968 3346
641 642 964 687 1..xx[1.

57 806 145 852 461
188 775 324 852 Οτι
357 803 540 862 Πύρρος
577 803 600 852 ὁ
641 805 847 864 βασιλεύς
881 805 1075 859 πολλούς
1110 809 1200 852 τῶν
1227 804 1503 864 Ἠπειρωτῶν

111 871 200 910 τῶν
230 865 643 937 συνδιαβεβηκότων
681 865 1033 936 ἀποβεβληκώς,
1055 866 1147 911 ἐπεί
1174 885 1242 920 τις
1270 868 1502 940 ἠρώτησεν

113 923 251 969 αὐτὸν
279 928 369 969 τῶν
398 923 622 975 ἰδιοξένων
650 927 743 974 πῶς
770 922 822 966 τὰ
847 923 958 966 κατὰ
983 923 1064 993 τη“ν
1092 923 1235 996 μάχην
1247 924 1504 996 ἀπήντησεν

114 980 258 1052 αὐτῷ,
296 980 438 1033 εἶπεν,
476 979 554 1023 ἐάν
583 980 643 1023 ἔτι
679 980 758 1037 μιᾷ
786 977 912 1048 μάχῃ
931 992 1089 1038 νικησῃ
1118 982 1224 1033 τούς
1247 980 1500 1055 Ῥωμαίους,

114 1028 263 1089 οὐδεὶς
293 1035 414 1093 αὐτῷ
433 1041 524 1080 τῶν
553 1040 850 1109 στρατιωτῶν
851 1039 941 1079 τῶν
962 1037 1414 1108 συνδιαβεβηκότων’
1387 1057 1500 1086 απο-
1529 1042 1557 1088 5

788 1151 797 1165 Ι
944 1151 957 1165 ⁴·
1022 1149 1030 1162 ἱ
1096 1151 1106 1164 Γ

109 1205 468 1276 ἐταπεινώθησαν
502 1205 575 1250 διὰ
611 1205 662 1250 τὸ
693 1206 878 1275 μέγεθος
906 1210 982 1263 τῆς
1010 1205 1267 1264 ἡγεμονίας,
1305 1209 1329 1253 ὁ
1361 1211 1408 1254 δὲ
1438 1228 1500 1256 νι-

108 1265 247 1320 κήσας
273 1279 354 1321 την
382 1268 471 1307 τῶν
491 1261 745 1320 ἡττημένων
774 1262 943 1320 βλάβην
973 1265 1048 1307 καὶ
1074 1265 1314 1323 συμφορὰν
1345 1266 1499 1313 ἀναδέ-

109 1323 311 1421 &moon
345 1376 506 1427 Κινέας
544 1373 811 1447 πρεσβευτής
849 1373 1108 1428 αποσταλεις
1144 1376 1265 1432 παρὰ
1289 1334 1558 1453 Πύῤῥού1ο

109 1434 210 1489 περὶ
250 1432 489 1483 διαλύσεως
518 1433 627 1486 πρὸς
652 1433 913 1489 Ῥωμαίους,
947 1436 1078 1485 οὑτος
1107 1434 1328 1504 πειστικὸς
1357 1434 1422 1480 ὠν
1452 1436 1500 1482 ἐν

109 1496 170 1550 τῷ
200 1489 457 1563 πρεσβεύειν
485 1491 557 1533 καὶ
587 1492 711 1543 δῶρα
739 1493 957 1558 πολυτελῆ
983 1496 1075 1541 τοῖς
1104 1486 1304 1543 εὐθέτοις
1334 1493 1498 1539 εδίδου.

111 1552 155 1619 οἱ
186 1549 232 1591 δὲ
262 1547 346 1590 οὐκ
377 1547 536 1602 ε’λαβον
565 1550 726 1599 ταῦτα,
757 1544 917 1596 πάντες
947 1547 993 1589 δὲ
1014 1547 1121 1602 μίαν
1148 1548 1222 1590 καὶ
1247 1564 1331 1617 την
1361 1549 1501 1608 αὐτὴν

111 1602 349 1660 απόκρισιν
378 1604 547 1646 ἔδωκαν
577 1601 695 1660 αὐτῷ
725 1603 794 1646 ὅτι
823 1607 908 1646 νῦν
937 1603 1016 1672 μὲν
1046 1603 1172 1675 ὄντος
1200 1603 1343 1649 αὐτοῦ
1372 1613 1493 1652 πολε·
1503 1612 1554 1655 15

108 1664 215 1717 μίου
236 1663 451 1730 μηδαμῶς
481 1652 685 1715 αρμόζειν
706 1659 787 1716 τήν
817 1657 1013 1714 δωρεάν,
1044 1677 1123 1703 εαν
1152 1659 1199 1703 δὲ
1225 1663 1497 1732 καταπράξη

108 1735 181 1761 ται
200 1717 278 1774 τὴν
300 1716 480 1786 εἰρήνην
502 1718 575 1759 καὶ
591 1716 767 1776 γένηται
787 1719 915 1786 φίλος
934 1715 1184 1785 Ρωμαίων,
1213 1717 1352 1774 ἡδέως
1369 1736 1497 1777 προς-

110 1775 309 1827 δέξεσθαι
340 1773 422 1829 τήν
453 1770 580 1816 δόσιν
609 1777 752 1818 ούσαν
782 1771 1128 1829 ἀκατηγόρητον.

224 1845 275 1884 ΙΙ.
303 1841 402 1884 Α’Ότι
422 1841 613 1895 Βρέννος
642 1840 666 1885 6
696 1845 784 1885 τῶν
817 1844 1030 1884 Γαλατῶν
1047 1840 1264 1915 βασιλεύς
1293 1845 1355 1895 εἰς
1381 1846 1497 1890 ναόν

109 1897 255 1944 ἐλθών
286 1897 515 1955 ἀργυροῦν
543 1898 624 1955 μὲν
658 1896 687 1955 ἢ
722 1901 920 1954 χρυσοῦν
960 1897 1091 1943 οὐδὲν
1131 1894 1243 1943 εἷλεν
1272 1898 1553 1960 ἄνάθημα,20

247 2012 304 2048 61.
329 2014 364 2048 3.
399 2008 518 2047 αὐτὸν
541 2030 584 2037 -
608 2008 815 2056 ἰδιοξένων]
841 2007 966 2048 ανταῖν
988 2029 1034 2038 -·—-
1060 2013 1271 2059 ἰᾶιοξενίων
1295 2016 1351 2053 ed.
1374 2019 1474 2054 Rom.

249 2060 305 2094 51.
330 2057 365 2093 4.
401 2057 516 2102 εἶπεν]
544 2059 661 2093 εἰπεῖν
685 2060 738 2093 ed.
760 2062 862 2093 Rom.

246 2104 304 2141 51.
329 2107 363 2140 6.
399 2105 492 2149 ε’σχε]
521 2103 622 2161 ἔσχεν
647 2106 702 2139 ed.
726 2107 828 2139 Rom.

247 2152 387 2187 51.12.
421 2148 623 2194 πειστικὸς]
647 2148 815 2192 πιστικὸς
839 2151 894 2186 ed.
917 2152 1020 2186 Rom.

245 2196 383 2232 51.15.
416 2196 484 2243 μὲν
508 2196 629 2238 ὅντοςῑ
653 2194 831 2241 μένοντος
855 2199 910 2231 ed.
935 2199 1036 2231 Rom.

246 2244 305 2279 51.
332 2243 388 2279 17.
423 2243 708 2290 προςδέξεσθαι]
729 2242 1009 2289 προσδέξασθαι
1034 2244 1090 2278 ed.
1113 2244 1215 2280 Rom

200 2344 258 2380 51.
280 2344 316 2381 7.
351 2346 451 2390 Quae
471 2345 628 2389 sequitur
649 2345 829 2402 proverbii
851 2343 1038 2388 explicatio
1061 2349 1157 2380 extat
1179 2344 1215 2380 in
1232 2344 1401 2390 excerptis
1417 2346 1493 2382 edia

108 2393 154 2429 tis
175 2392 238 2429 lib.
262 2391 377 2426 XXII.
408 2404 440 2435 p
460 2391 552 2433 495;
590 2393 650 2426 sed
685 2403 726 2426 ea
755 2390 807 2426 ibi
838 2392 951 2425 libere
973 2392 1185 2426 convertitur
1218 2393 1264 2426 ab
1296 2393 1491 2438 eclogario,

109 2438 225 2473 verbis
239 2438 496 2481 aliquantulum
512 2437 716 2479 immutatis,
740 2438 775 2471 in
791 2439 991 2482 generalem
1008 2439 1233 2480 sententIam3
1255 2451 1362 2482 quum
1376 2445 1492 2474 tamen

107 2485 281 2520 Diodorus
305 2482 349 2517 de
371 2484 510 2538 Pyt-rho
534 2484 773 2528 Romanisque
794 2485 979 2528 loquatur,
1013 2484 1064 2518 uti
1088 2485 1187 2519 docet
1209 2485 1400 2530 genuinum
1422 2486 1492 2521 hue

106 2534 345 2577 fragmentum
367 2530 719 2564 vaticanum..

201 2576 340 2611 51.12.
375 2576 470 2610 Duas
492 2576 618 2610 Cineae
642 2576 685 2610 ad
709 2575 832 2609 urbem
861 2574 1054 2621 legationes
1082 2579 1255 2611 memorat
1278 2575 1490 2613 Plutarchus

109 2625 145 2659 in
169 2623 308 2667 Pyrrho
333 2633 432 2666 capp.
454 2622 582 2655 XVIII.
607 2621 703 2656 XXI.
736 2621 835 2656 MAI.

200 2668 337 2704 51.12.
368 2666 549 2712 πιστικὸς]
575 2666 823 2721 Eloquentiam
846 2666 974 2702 Cineae
994 2667 1149 2703 celebrat
1169 2667 1381 2702 Plutarchus
1398 2668 1490 2711 xlv,

110 2726 133 2752 a
154 2726 223 2760 quo
247 2714 373 2749 dicitur
394 2713 501 2748 fuisse
524 2711 767 2748 Demosthenis
790 2713 1075 2748 auditor.MA1.

199 2761 256 2797 51.
278 2761 336 2795 20.
370 2759 594 2794 Diodorum·
582 2773 619 2795 ιη
637 2760 739 2794 xxu
762 2760 855 2793 libro
879 2759 1056 2803 scripsisse
1075 2759 1205 2794 Brenni
1234 2757 1489 2802 expeditionem

111 2807 146 2843 iu
167 2808 372 2848 Graeciam,
397 2806 468 2840 iam
486 2807 668 2841 constabat
687 2817 728 2839 ex
747 2804 846 2839 editis
867 2805 1076 2849 fragmentis
1091 2817 1124 2850 p.
1140 2806 1230 2845 4973
1253 2805 1379 2847 quibus
1399 2806 1490 2840 haee

110 2853 274 2891 vaticana
295 2853 368 2891 iam
390 2852 549 2890 addenda
579 2856 668 2892 suut-
715 2852 826 2890 Porto
848 2851 1022 2891 Diodorus
1050 2856 1143 2890 recte
1173 2861 1229 2887 res
1250 2850 1381 2890 Brenni
1408 2863 1490 2889 mm

1141 2898 1213 2945 4*
