1968 3346
352 197 652 242 EXCERPTA
679 195 1109 239 HOESCHELIANA
1137 196 1187 237 L.
1218 194 1328 237 XXI.
1495 199 1548 238 11

157 311 474 366 Σωσίστρατον
513 309 587 354 καὶ
622 324 729 360 τους
758 308 1069 378 Συρακοσίους
1108 305 1344 364 κατήλλαξε
1379 307 1455 355 καὶ
1488 309 1547 358 εἷς

158 368 383 439 ομόνοιαν
411 367 596 422 ἤγαγεν,
637 365 694 416 ὦς
730 363 918 434 μεγάλης
959 362 1180 433 ἀποδοχῆς
1192 326 1292 407 ηδιοὶ
1313 363 1409 435 τὴν
1434 363 1546 421 εἰρή-

159 443 266 495 νην.
288 424 312 469 ὁ
344 424 390 468 δὲ
420 421 623 494 βασιλευς
661 420 932 477 παραλαβων
968 420 1022 464 τά
1052 436 1096 463 τε
1123 421 1225 489 βέλη
1254 421 1328 464 καὶ
1357 421 1436 471 τάς
1469 438 1544 491 μη-

160 481 296 552 χανὰς
331 482 406 525 καὶ
433 480 510 532 τὰς
550 480 598 523 ἐν
636 481 690 535 τῇ
721 478 845 522 πόλει
884 476 1171 545 παρασκευάς.
1204 479 1250 519 αῖ
1278 477 1324 521 δὲ
1352 482 1464 528 ναῦς
1493 477 1545 528 ἃς

157 539 426 610 παρέλαβεν
440 537 488 580 ἐν
527 540 622 586 ταῖς
650 534 937 589 Συρακόσαις
973 532 1277 603 κατάφρακτοι
1307 534 1461 577 ἑκατὸν
1492 537 1544 604 εἷς

158 609 257 640 κοσι
294 595 369 638 καὶ
408 593 630 662 ἀφρακτοι
668 593 827 635 εἶ’·κοσι
867 590 895 647 ἡ
932 590 1016 661 μὲν
1052 589 1254 660 βασιλικὴ
1285 589 1488 646 ἐννήρης
1521 590 1545 635 ὁ

160 653 208 696 δὲ
248 651 421 707 σύμπας
458 648 612 700 στόλος
661 648 745 692 σὺν
782 653 877 699 ταῖς
916 645 1016 702 μετ’
1064 645 1203 690 αὐτοῦ
1245 649 1544 705 κομισθείσαις
1573 648 1630 691 80

162 710 340 757 πλείους
370 708 606 751 διακοσίων
645 704 692 748 ἓν
721 704 865 774 τούτῳ
897 704 941 748 δὲ
973 703 1101 755 ὄντος
1142 702 1282 747 αὐτοῦ
1310 706 1421 760 ἡκον
1450 705 1545 758 πρέ-

52 808 53 812 ,
155 768 278 820 σβεις
308 764 354 807 ἐκ
383 765 634 807 Λεοντίνων
662 761 751 805 υπὸ
782 750 1068 830 Ἡρακλείδου
1098 765 1180 803 τοῦ
1209 761 1444 811 δυνάστου,
1475 761 1546 804 λέ-

51 825 53 839 ³
89 825 313 881 497γοντες
342 819 620 889 παραδώσειν
657 823 717 878 τῷ
746 821 917 888 βασιλεῖ
951 817 1030 874 τὴν
1062 817 1194 861 πόλιν
1224 819 1298 862 καὶ
1325 816 1379 860 τὰ
1409 816 1546 873 φρού-

158 895 234 937 ρια
272 877 346 920 καὶ
386 875 652 933 στρατιώτας
698 874 850 928 πεζους
890 876 1271 930 τετρακιςχιλίους,
1314 876 1456 925 ἱππεῖς
1500 875 1546 918 δὲ

159 936 490 985 πεντακοσίους.
521 934 633 1003 ἧκον
663 932 708 976 δὲ
740 933 814 976 καὶ
844 931 986 984 ἕτεροι
1022 936 1216 975 πλεῖστοι
1254 933 1313 983 εἰς
1342 930 1546 1001 Συράκο-
1577 943 1631 984 85

158 1002 264 1043 σαν,
295 989 492 1061 λέγοντες
511 990 586 1041 τὰς
603 988 750 1040 πόλεις
788 988 1069 1042 παραδώσειν
1089 989 1163 1032 καὶ
1183 987 1472 1058 συνεργήσειν,
1486 992 1546 1042 τῷ

157 1047 346 1121 Πύρρῳ.
386 1045 409 1091 6
450 1047 496 1091 68
535 1045 701 1097 πάντας
737 1044 1064 1116 φιλανθρώπως
1094 1044 1417 1114 ἀποδεξάμενος
1447 1043 1546 1089 ἀπέ-

155 1109 288 1150 λυσεν
310 1106 370 1155 εἰς
399 1103 476 1155 τὰς
498 1105 612 1154 ἰδίας
633 1105 859 1157 πατρίδας,
890 1102 1072 1156 ἐλπίζων
1102 1103 1174 1146 καὶ
1194 1101 1364 1158 Λιβύης
1386 1108 1543 1159 τυχεῖν.
1575 1137 1631 1176 12

257 1160 361 1205 “”Ότι
390 1159 413 1204 ὁ
441 1160 569 1216 λιμὴν
600 1158 624 1204 ὁ
645 1159 958 1230 Κορινθιακὸς
986 1160 1168 1214 Λέχαιος
1198 1164 1405 1204 καλεῖται.

256 1217 361 1262 ΗΟτι
399 1217 593 1288 Βρέννος
635 1214 658 1260 6
698 1218 901 1286 βασιλεὺς
932 1220 1144 1260 Γαλατῶν
1183 1215 1289 1272 μετὰ
1326 1218 1544 1261 πεντεκαί-

155 1277 261 1320 δεκα
290 1273 519 1329 μυριάδων
547 1273 845 1344 θυρεοφόρων
875 1274 948 1317 καὶ
967 1273 1132 1317 ἱππέων
1161 1275 1333 1330 μυρίων
1362 1275 1432 1318 καὶ
1465 1273 1546 1316 ἑτέ-

155 1350 242 1386 ρου
273 1331 488 1387 ἀγοραίου
518 1330 651 1386 ὄχλου
680 1347 756 1374 και
784 1329 988 1401 ἐμπόρων
1019 1332 1233 1376 πλείστων
1261 1331 1335 1374 καὶ
1365 1329 1546 1386 ἀμαξων

155 1391 382 1458 διςχιλίων
408 1390 467 1440 εἰς
500 1389 789 1432 Μακεδονίαν
828 1387 973 1432 ἐλθων
1013 1387 1204 1458 πόλεμον
1235 1387 1458 1457 εποίησεν,
1500 1387 1546 1430 ἐν
1576 1389 1631 1431 95

155 1449 190 1504 ᾧ
220 1444 411 1496 πολλοὺς
442 1444 710 1498 στρατιώτας
741 1442 992 1514 ἀποβαλών,
1025 1445 1084 1496 ὡς
1099 1444 1171 1516 μή
1203 1443 1398 1501 ἰσχύσας,
1427 1445 1546 1488 ν’στε-

154 1520 239 1558 ρον
267 1505 326 1554 είς
354 1500 640 1559 τὴνἙλλάδα
671 1500 834 1553 ἐλθών,
865 1520 903 1545 κ
898 1503 939 1546 ιὶ
974 1504 1033 1554 εἰς
1063 1501 1111 1545 τὸ
1144 1502 1191 1545 έν
1221 1506 1415 1559 Δελφοῖς
1444 1518 1546 1559 μαν-

153 1565 284 1612 τεῖον,
315 1561 462 1604 θέλων
493 1559 767 1616 ἀποσυλῆσαι
798 1557 922 1604 αὐτό.
954 1561 1027 1603 καὶ
1057 1563 1225 1603 πολλοῦ
1254 1561 1451 1615 πολέμου
1479 1575 1545 1613 γε·

152 1616 338 1688 γονότος
379 1618 595 1672 μυριάδας
633 1619 766 1662 ἐκεῖσε
805 1630 1084 1670 στρατιωτων
1114 1616 1351 1672 ἀποβαλων
1381 1616 1545 1688 ἐπλήγη

153 1675 228 1718 καὶ
273 1672 406 1725 αὐτὸς
444 1675 637 1729 Βρέννος
677 1675 791 1728 τρισὶ
829 1679 1022 1730 πληγαῖς
1061 1673 1365 1743 βαρυνόμενος
1397 1673 1442 1717 δε
1472 1675 1546 1716 καὶ
1579 1687 1660 1726 100

153 1730 264 1784 πρὸς
303 1731 524 1780 θανατον,
569 1731 832 1787 συναγιγιὸν
870 1732 949 1775 τὸν
989 1731 1101 1774 λαόν
1141 1729 1282 1774 αὑτοῦ
1322 1729 1545 1785 διελάλησε

100 1834 102 1836 ,
152 1793 244 1838 τοῖς
275 1787 512 1839 Γαλάταις,
554 1788 886 1859 συμβουλεύσας
929 1785 1080 1838 αὐτοῖς
1122 1786 1283 1831 ἑαυτόν
1323 1788 1396 1832 καὶ
1438 1786 1544 1837 τούς

151 1845 420 1915 τραυματίας
450 1844 646 1897 ἅπαντας
675 1843 942 1898 ἀποκτεῖναι,
975 1845 1048 1888 καὶ
1066 1844 1141 1895 τὰς
1161 1843 1327 1899 αμάξας
1355 1843 1544 1888 καύσαν-

151 1918 226 1952 τας
255 1886 474 1954 εὐζώνους
505 1905 564 1953 εἰς
592 1921 646 1946 τα
678 1905 817 1947 οἰκεῖοι
857 1902 1131 1946 επανελθεῖν·
1173 1901 1354 1970 βασιλέα
1387 1901 1432 1944 δὲ
1462 1917 1544 1943 κα-
1575 1912 1602 1953 5

150 1962 361 2014 ταστῆσαι
390 1958 628 2029 Κιχιόριον.
699 1960 894 2016 Βρέννος
925 1959 969 2002 δὲ
1009 1950 1202 2015 ἄκρατον
1232 1957 1378 2001 πολυν
1407 1974 1544 2026 εμφο-

155 2015 398 2072 ρησάμενος
434 2015 593 2060 ἑαυτὸν
638 2016 870 2072 ἀπέσφαξε.
939 2016 1160 2087 Κιχώριος
1203 2015 1249 2058 δε
1278 2018 1439 2058 τοῦτον
1467 2013 1546 2056 θά-

1577 1251 1632 1289 13

153 2080 241 2124 ψας
272 2089 378 2124 τους
394 2076 681 2145 τραυματίας
710 2075 784 2117 καὶ
804 2071 911 2124 τους
936 2071 1024 2117 ἀπὸ
1055 2089 1266 2130 χειμωνος
1294 2072 1369 2117 καὶ
1397 2073 1547 2127 πείνης

148 2124 569 2199 ταλαιπωρησαντας
611 2130 801 2181 ἀνεῖλεν,
847 2130 980 2181 ὄντας
1014 2133 1117 2184 περὶ
1158 2131 1432 2183 διςμυρίους·
1473 2145 1549 2172 και

150 2185 291 2237 οὕτως
320 2192 412 2237 τοῖς
442 2192 611 2240 λοιποῖς
640 2188 712 2233 διὰ
739 2191 817 2244 τῆς
843 2187 979 2257 αὐτῆς
1006 2186 1118 2232 ὁδοῦ
1145 2186 1257 2243 πρὸς
1300 2191 1426 2229 οἰκον
1469 2186 1549 2241 τήν
1582 2188 1633 2237 10

149 2247 333 2298 πορείαν
373 2244 572 2288 εποιεῑτο.
616 2243 727 2288 κατὰ
769 2245 815 2288 δὲ
857 2244 935 2296 τὰς
979 2247 1233 2314 δυςχωρίας
1260 2245 1304 2287 οἱ
1341 2242 1549 2298 Ελληνες

152 2300 446 2370 επιτιθέμενοι
465 2318 543 2353 τας
561 2301 777 2370 ουραγίας
796 2300 1062 2353 ἀπέκοπτον,
1094 2320 1168 2345 και
1187 2301 1267 2358 τὴν
1297 2297 1549 2355 ἀποσκευην

151 2358 268 2412 ἦραν
307 2356 495 2401 ἅπασαν.-
525 2357 828 2429 πορευόμενοι
877 2359 924 2403 δὲ
958 2358 1070 2413 πρὸς
1114 2356 1426 2414 Θερμοπύλας,
1475 2358 1551 2400 καὶ

155 2413 455 2471 σπανιζούσης
479 2414 618 2460 αυτοῦ
639 2419 820 2472 τροφῆς,
854 2414 1063 2460 ἀπέλιπον
1091 2415 1253 2468 ἄλλους
1275 2416 1549 2470 διςμυρίους.

149 2481 259 2515 immo
291 2481 477 2527 ἐκυρίευεν
623 2484 682 2517 74.
715 2487 793 2527 post
826 2482 978 2541 εἰρήνην
1011 2485 1128 2518 Rhod
1161 2481 1356 2539 τετευχώς,
1383 2483 1550 2518 Reiskius

151 2527 289 2583 ἔτυχε(
280 2529 398 2570 addit,
422 2532 557 2564 mutato
583 2532 612 2564 is
645 2530 785 2573 quidem
811 2526 861 2570 ὥς
889 2531 925 2564 in
948 2526 1006 2574 ἐφ
1031 2525 1081 2577 ᾦ·
1114 2543 1179 2575 pro
1203 2542 1272 2573 quo
1296 2529 1419 2563 etiam
1427 2542 1549 2565 τετευ-

150 2573 224 2619 χώς
242 2576 358 2608 Rhod.
509 2576 568 2611 75.
593 2576 833 2619 παραλαβών]
859 2589 951 2619 παρε-
944 2576 1041 2620 ἶλαβε
1066 2578 1182 2615 Rhod
1206 2577 1300 2622 σῆαν
1325 2581 1405 2609 ante
1437 2575 1551 2611 κατοί-

151 2634 310 2666 φρακτοι
334 2620 432 2655 addit
448 2621 565 2656 Rhod.
653 2623 711 2656 79.
732 2620 901 2667 ἐννήρης]
916 2621 955 2658 θ’
978 2621 1070 2667 ἤρης
1091 2625 1126 2656 11
1209 2625 1267 2658 80.
1292 2623 1506 2666 διακοσίων]
1521 2621 1551 2656 σ’

151 2669 207 2702 11:
227 2671 406 2710 suspectus
424 2669 832 2714 numeruswesselingio
932 2669 989 2703 82.
1012 2670 1059 2704 λέ
1051 2683 1174 2714 γοττες
1185 2671 1316 2709 Rhod„
1334 2669 1547 2712 λέγουτοςΗ

245 2713 325 2748 497.
338 2713 394 2747 83.
419 2718 617 2759 τετρακιςχ.
638 2734 681 2739 —
701 2716 819 2759 πεντ.]
841 2715 863 2749 6
866 2729 968 2770 ,Ι-φ
970 2715 1027 2750 ’Π
1121 2716 1176 2750 90.
1196 2716 1365 2769 Λέχαιος]
1393 2719 1550 2760 1εχαῖος

151 2760 187 2793 Ιῐ
302 2761 525 2804 πεντεκαίδ.]
556 2763 588 2796 ιὲ
616 2762 652 2794 11
745 2762 801 2796 9'.
827 2749 1024 2804 μυριάδων
1049 2763 1190 2805 Rhod.‚
1213 2760 1398 2807 μυριαδας
1423 2763 1457 2796 H

153 2805 211 2839 91.
241 2807 345 2862 διςχ.]
365 2808 406 2863 β
430 2807 466 2839 ll
576 2807 611 2842 3.
634 2805 845 2849 καύσαντας
870 2809 1010 2850 Rl.10d‚
1041 2806 1244 2850 καύσαντες
1268 2811 1303 2844 11
1398 2808 1432 2842 7-
1460 2807 1549 2853 ἀπὸ]

157 2853 279 2887 malim
304 2850 377 2888 ὑπὸ
399 2852 661 2898 11.οὐραγιας
683 2855 821 2895 mmm,
848 2852 977 2899 ἀργίας
1000 2834 1036 2890 H
