1968 3346
428 196 514 238 156
540 192 841 237 EXCERPTA
864 194 934 235 DE
958 194 1108 237 va.
1132 194 1207 236 ΕΤ
1230 194 1818 244 v1T.1..xxxv11.—X1..

529 301 628 346 ’Ότι
657 303 703 346 οἱ
730 306 946 378 Πιγνῆται
967 307 1128 373 δειναῖς
1149 308 1402 376 συνείχοντο
1420 316 1685 382 συμφοραῖς.
1717 311 1818 369 άμε-

342 365 398 407 35
427 359 661 404 τάπειστον
698 360 743 404 δ’
784 361 955 418 ε’χοντες
998 379 1077 416 την
1119 363 1231 417 πρὸς
1269 365 1511 420 Ρωμαίους
1555 372 1819 426 συμμαχίαν,

428 415 730 473 ἠναγκάζοντο
774 421 1165 471 κατεξανίστασθαι
1205 424 1296 464 τῶν
1337 423 1441 475 περῖ
1478 429 1620 480 ψυχῆς
1658 431 1819 470 παθῶν

429 474 504 517 καὶ
535 478 746 529 περιορᾶν
774 474 828 518 τοὶ
858 477 987 518 τέκνα
1018 475 1327 534 στερισκόμενοι
1349 483 1432 523 τοῦ
1465 484 1541 536 ζῆν
1571 482 1619 526 ἐν
1649 482 1821 538 ὀφθαλ-

430 535 553 602 μοῖς
559 535 649 574 τῶν
673 532 1011 602 γεγεννηκότων.

346 588 402 632 40
532 587 634 631 ’Ότι
662 588 685 631 6
708 590 885 639 Σύλλας
914 589 990 640 τὰς
1018 587 1194 642 πράξεις
1222 595 1367 643 καλῶς
1399 592 1570 662 ἐχείριζε
1601 594 1676 637 καὶ
1707 595 1822 650 ἐνερ-

426 646 539 699 γῶς,
581 645 656 687 καὶ
686 645 760 688 665
741 660 824 716 5339
843 646 916 688 καὶ
945 650 1080 700 καλῆς
1111 646 1256 716 φήμης
1286 649 1333 691 ἐν
1357 647 1512 722 ‘Pco‘y33
1543 653 1820 706 κατηξιοῦτο,

426 702 502 744 καὶ
529 700 578 745 τὸ
608 706 778 757 πλῆθος
808 702 1061 756 ἐδοκίμαζεν
1093 702 1227 748 αὐτὸν
1259 704 1383 756 ἄξιον
1412 705 1627 762 ὑπάρχειν
1650 707 1821 751 ὕπατον

428 759 672 811 αἱρεῖσθαι,
713 760 787 802 καὶ
822 759 1082 816 περιβόητος
1110 762 1167 816 ἦν
1197 760 1263 805 ἐπ’
1305 760 1485 833 ἀνδρεία
1513 781 1557 807 τε
1587 765 1660 808 καὶ
1692 777 1818 819 στρα

427 820 582 871 τηγικῇ
614 814 806 867 συνέσει,
847 817 922 859 καὶ
957 817 1158 860 καθόλου
1188 818 1384 888 φανερός
1416 820 1612 878 υπῆρχεν
1642 823 1702 874 εἰς
1733 827 1820 878 μεῖ·

343 873 399 917 45
431 876 508 926 ζον
529 871 768 944 πρόσχημα
799 872 927 928 δόξης
955 875 1360 930 προαχθησόμενος.

529 928 628 972 Ὀτι
670 929 693 973 6
735 930 1015 986 Μιθριδάτης
1055 931 1160 982 τοὺς
1207 937 1296 975 τῶν
1331 932 1566 988 “Ρωμαίων
1601 932 1821 991 ἡγεμόνας

430 984 540 1029 κατά
570 985 652 1042 τήν
677 987 824 1030 Ἀσίαν
852 987 1056 1043 νικήσας,
1086 989 1159 1032 καὶ
1189 989 1382 1041 πολλούς
1403 989 1651 1061 ζωγρήσας,
1682 992 1821 1035 ἅπαν-

429 1059 507 1093 τας
536 1044 718 1098 τιμήσας
756 1045 830 1088 καὶ
872 1045 1025 1100 ἐσθῆσι
1055 1046 1128 1088 καὶ
1167 1045 1364 1102 εφοδίοις
1402 1046 1616 1091 ἀπέλυσεν
1647 1051 1707 1099 εἷς
1741 1048 1888 1101 τάς613

343 1101 399 1146 50
428 1101 651 1153 πατρίδας.
694 1103 1008 1172 διαβοηθείσης
1039 1103 1084 1146 δὲ
1122 1107 1199 1157 τῆς
1227 1108 1309 1147 τοῦ
1339 1105 1631 1157 [Μιθριδάτου
1662 1109 1816 1160 φιλαν-

427 1159 652 1210 θρωπίας,
688 1158 886 1202 ενέπεσεν
905 1161 964 1210 εἰς
986 1159 1063 1211 τὰς
1089 1159 1235 1211 πόλεις
1265 1159 1381 1217 ὁρμὴ
1411 1164 1728 1215 πρυςτίθεσθαι
1757 1180 1817 1221 τῳ

427 1216 609 1270 βασιλεῖ.
656 1220 803 1272 παρῆν
842 1215 887 1259 δὲ
923 1215 1033 1269 ὁρᾶν
1072 1215 1158 1260 άπὸ
1199 1223 1355 1261 πασῶν
1392 1223 1482 1261 τῶν
1520 1217 1693 1262 πόλεων
1721 1235 1820 1272 πρε-

428 1271 640 1326 σρευτὰς
635 1288 740 1314 ιιετα
762 1274 1062 1346 ψηφισμάτων
1083 1275 1344 1318 καλούντων
1364 1275 1500 1319 αὐτόν
1522 1278 1582 1327 εἰς
1605 1276 1682 1328 τὰς
1706 1278 1820 1328 ἰδίας

426 1330 638 1379 πατρίδας
672 1330 743 1372 καὶ
773 1330 883 1373 θεὸν
912 1332 985 1374 καὶ
1028 1335 1205 1387 σωτῆρα
1226 1332 1667 1401 προςαγορευόντων.
1717 1332 1818 1377 ‹izo-

341 1386 396 1429 55
427 1383 604 1434 λούθως
634 1385 680 1429 δὲ
720 1385 895 1437 τούτοις
931 1389 1005 1430 καὶ
1035 1389 1145 1431 κατά
1157 1387 1266 1458 τήν
1302 1392 1556 1442 παρουσίαν
1585 1394 1667 1432 τοῦ
1698 1393 1819 1443 βασι-

425 1441 532 1491 λὲως
564 1440 768 1497 ἀπήντων
799 1446 846 1486 αἱ
873 1442 1018 1495 πόλεις
1048 1444 1296 1500 ἐκχεόμεναι
1323 1448 1539 1503 πανδημεὶ
1564 1445 1658 1504 μετ’
1683 1445 1820 1503 ἐσθῆ-

423 1515 499 1550 τος
528 1503 727 1553 λαμπρᾶς
758 1501 830 1543 καὶ
859 1506 1020 1573 πολλῆς
1050 1506 1198 1557 χαρᾶς.

527 1554 625 1599 ’Ὅτι
650 1556 760 1599 κατὰ
769 1558 868 1627 τήν
894 1556 1045 1601 Ἀσίαν
1074 1559 1416 1612 ἐπικρατοῦντος
1437 1559 1724 1612 Μιθριδάτου
1747 1560 1822 1603 καὶ

424 1615 514 1654 τῶν
544 1612 714 1656 πόλεων
755 1611 1068 1670 ἀφισταμένων
1109 1615 1409 1686 ἀκατασχέτως
1449 1615 1536 1660 άπό
1566 1615 1819 1672 Ρωμαίων,

339 1677 394 1718 60
425 1685 468 1712 οι
499 1669 546 1712 ἐν
575 1675 629 1726 τῇ
660 1671 814 1742 Λέσβῳ
853 1672 1097 1745 διέγνωσαν
1127 1671 1181 1716 οὐ
1213 1674 1356 1729 μόνον
1387 1691 1554 1725 αυτους
1581 1673 1818 1729 εγχειρίσαι

422 1730 485 1780 τῶ
514 1729 704 1782 βασιλεῖ,
739 1727 847 1773 α’λλα
879 1731 953 1772 καὶ
980 1729 1061 1773 τόν
1084 1714 1298 1773 Ἀκίλλιον
1329 1732 1390 1781 εἰς
1420 1731 1685 1786 ΛΜιτυλήνην
1716 1743 1820 1786 συμ-

422 1783 674 1851 πεφευγότα
712 1787 787 1828 καὶ
824 1786 1217 1844 νοσοκοιιούμενον
1245 1790 1530 1858 παραδοῦναι
1560 1793 1622 1844 τῷ
1653 1792 1818 1842 Μιθρι-

424 1838 546 1913 δάτη.
577 1841 844 1893 ἐπιλέξαντες
876 1845 960 1886 οὐν
990 1848 1078 1886 τῶν
1110 1844 1222 1887 νέων
1252 1862 1356 1895 τους
1389 1843 1501 1914 ἀλκῇ
1525 1845 1819 1913 διαφέροντας

337 1906 392 1949 65
423 1897 622 1952 ε’πεμψαν
662 1898 729 1942 ἐπὶ
769 1901 819 1942 τὸ
858 1899 1100 1955 κατάλυμα.
1142 1918 1185 1944 οι
1224 1901 1269 1944 δε
1302 1899 1468 1955 άθρόοι
1496 1901 1819 1956 προςπεσόντες

421 1954 563 2012 τούτῳ
594 1972 668 1998 και
704 1955 782 1998 τὸν
809 1955 1027 2000 Ἀκίλλιον
1057 1957 1333 2012 ἁρπάσαντες
1363 1960 1544 2013 ε’δησαν,
1585 1957 1644 2009 ῶς
1675 1961 1818 2002 καλλί-

421 2022 542 2083 στην
558 2016 619 2069 τῶ
650 2016 822 2067 βασιλεῖ
854 2015 928 2058 καὶ
959 2014 1277 2070 κεχαρισμένην
1308 2016 1480 2070 δωρεάν
1508 2015 1816 2071 ἐκπέμψοντες.

531 2067 580 2111 Ὁ
610 2070 681 2122 δέ,
712 2073 867 2124 καίπερ
898 2071 996 2122 νέος
1027 2071 1092 2114 ὢν
1121 2077 1341 2142 παντελῶς
1371 2072 1453 2129 τὴν
1473 2071 1673 2128 ἡλικίαν,
1704 2072 1819 2115 ἐτόλ-

420 2135 557 2196 μησεν
586 2126 919 2171 επιτελέσασθαι
949 2130 1109 2182 πρᾶξιν
1137 2128 1353 2200 ἡρωικήν
1387 2129 1569 2200 φθάσας
1600 2130 1683 2184 γὰρ
1713 2129 1819 2180 τούς

336 2192 391 2231 70
422 2184 658 2238 μέλλοντας
689 2185 983 2238 συναρπάζειν
1015 2183 1154 2229 αὐτὸν
1194 2185 1290 2229 ἀντὶ
1326 2190 1402 2242 τῆς
1439 2186 1610 2240 ὕβρεως
1640 2187 1714 2229 καὶ
1736 2191 1820 2242 τῆς

422 2242 603 2294 αἰσχρᾶς
632 2243 841 2296 τιμωρίας
880 2241 1096 2298 ηλλάξατο
1127 2243 1342 2287 θάνατον.
1388 2244 1569 2298 σφάζων
1599 2243 1682 2299 γὰρ
1714 2260 1818 2286 εαυ-

419 2296 522 2348 τόν,
555 2297 628 2339 καὶ
659 2302 722 2367 τῇ
744 2298 957 2355 δεινότητι
981 2304 1056 2355 τῆς
1086 2301 1281 2354 πράξεως
1307 2300 1692 2357 καταπληξάμενος
1712 2317 1820 2351 τους

420 2351 489 2397 επ’
524 2352 660 2398 αὐτὸν
702 2353 933 2410 ὁρμῶντας
965 2356 1139 2424 ἐποίησε
1169 2357 1236 2428 μὴ
1265 2361 1481 2414 τολμῆσαι
1503 2360 1706 2428 πλησίον
1738 2354 1819 2400 αύ-

419 2414 501 2454 τοῦ
519 2416 800 2464 προςελθεῖν·
833 2413 939 2466 μετὰ
961 2412 1103 2469 πάσης
1135 2416 1181 2457 δὲ
1213 2413 1405 2465 ἀδείας
1385 2415 1545 2458 εαυτόν
1573 2413 1818 2466 ἀπαλλάξας

336 2474 390 2517 75
421 2472 501 2511 τοῦ
542 2472 617 2540 ζῆν
656 2470 730 2512 καὶ
760 2474 849 2512 τῶν
880 2470 1212 2538 επιφερομένων
1242 2476 1393 2531 κακῶν
1422 2470 1687 2529 περιβόητον
1726 2471 1818 2528 ε’σχε

420 2541 501 2581 την
531 2523 600 2569 επ’
633 2526 822 2586 εὐψυχίᾳ
852 2526 1000 2580 δόξαν.

420 2660 464 2695 35
504 2659 772 2705 αιιετάπειστον
795 2662 875 2696 Re3
867 2663 979 2706 kias,
994 2661 1257 2720 άμετάπιστον
1280 2663 1311 2696 V
1459 2663 1516 2698 39.
1541 2663 1690 2722 ἔχείριζε
1700 2664 1713 2708 ]
1741 2662 1816 2699 ἐνε-

419 2710 548 2753 χείριζε
574 2710 602 2743 V
720 2709 778 2745 0-6.
801 2723 891 2751 τους
916 2730 960 2737 -·-
985 2707 1168 2756 ἡμμόνας
1193 2713 1293 2746 wales
1280 2710 1372 2752 ius,
1398 2711 1465 2755 τῆς
1488 2730 1533 2735 —-
1565 2709 1763 2756 ἠρεμονίας
1790 2711 1815 2743 V

509 2777 591 2812 613.
617 2777 674 2812 56.
699 2777 783 2823 μετ’
810 2778 989 2825 ἐσθῆτος]
1017 2778 1108 2826 μεθ’
1136 2781 1295 2826 ἐσθῆτος
1321 2780 1349 2814 V
1373 2785 1408 2815 et
1431 2780 1565 2824 ἐσθῆσι
1588 2780 1646 2815 48.
1756 2779 1811 2814 Ἡ.

418 2826 658 2869 προςε2θεῖν]
685 2829 882 2868 προελθεῖν
908 2827 936 2858 V
