1968 3346
527 727 682 797 ἘΚ
747 752 926 801 ΤΟΥ
979 747 1129 820 ΛΔ.

262 930 340 983 Ὡς
363 929 582 1000 Ἀντίοχος
610 929 635 975 ὁ
665 928 888 987 βασιλεύς,
919 930 1094 1002 φησίν,
1109 925 1355 999 ἐπολιόρκει
1381 927 1436 972 τὰ
1468 925 1542 973 ‘'I-s
1570 908 1627 1006 2}

154 987 404 1059 ροσόλυμα,
453 989 497 1031 οἱ
542 987 589 1031 δὲ
623 987 839 1031 Ἰουδαῖοι
877 988 1001 1044 μέχρι
1043 987 1124 1042 μέν
1161 1002 1281 1038 τινος
1319 983 1541 1055 αντέσχον,

152 1044 514 1098 ἐξαναλωθέντων
551 1044 599 1087 δὲ
626 1048 716 1089 τῶν
746 1046 1000 1115 ἐπιτηδείων
1027 1043 1238 1088 ἁπάντων
1266 1040 1544 1113 ἠναγκάσθη-

152 1114 238 1146 σαν
276 1102 376 1156 περὶ
425 1098 668 1153 διαλύσεως
711 1101 1152 1172 διαπρεσβεύσασθαι.
1193 1102 1239 1144 οἱ
1278 1099 1325 1144 δὲ
1365 1101 1543 1151 πλείους

152 1157 274 1229 αὐτῷ
314 1174 405 1202 των
444 1160 590 1229 φίλων
624 1157 951 1229 συνεβούλευον
989 1157 1101 1202 κατὰ
1138 1156 1301 1230 κράτος
1341 1156 1540 1212 αἱρήσειν
1568 1163 1627 1205 30

149 1232 232 1286 την
268 1214 399 1258 πόλιν
438 1215 511 1258 καὶ
540 1214 590 1258 τὸ
627 1214 757 1271 γένος
798 1215 938 1272 ἄρδην
967 1213 1137 1259 ἀνελεῖν
1164 1217 1255 1257 τῶν
1285 1212 1540 1257 Ἰουδαίων·

151 1272 322 1343 μόνους
361 1269 447 1327 γὰρ
492 1268 701 1315 ἁπαντων
748 1273 892 1317 ἐθνῶν
941 1269 1270 1340 οἷκοινωνήτους
1309 1268 1422 1314 εἶναι
1465 1273 1544 1326 τῆς

150 1327 264 1382 πρὸς
302 1327 409 1372 ἄλλο
441 1329 571 1379 ἔθνος
600 1328 813 1399 ἐπιμιξίας
850 1328 925 1372 καὶ
953 1330 1191 1397 πολεμίους
1216 1324 1543 1398 ὑπολαμβάνειν

149 1385 329 1436 πάντας.
371 1383 657 1429 ἀπεδείκνυον
696 1386 743 1429 δὲ
780 1385 854 1431 καὶ
882 1384 990 1437 τούς
1027 1383 1292 1455 προγόνους
1305 1382 1452 1427 αὐτῶν
1482 1383 1544 1435 ὦς

151 1442 321 1511 ασεβεῖς
355 1442 428 1485 καὶ
465 1442 760 1498 μισουμένους
787 1440 876 1486 υπὸ
916 1447 1007 1485 τῶν
1046 1446 1166 1486 θεῶν
1194 1440 1238 1493 ἐξ
1267 1439 1436 1495 ἁπασης
1463 1444 1540 1496 τῆς
1569 1445 1627 1489 35

150 1497 383 1569 Αἰγύπτου
410 1499 842 1568 πεφυγαδευμένους.
871 1516 980 1550 τους
1007 1497 1092 1568 γαρ
1123 1497 1313 1552 ἄλφοὺς
1321 1496 1352 1554 ἦ
1379 1497 1544 1558 λέπρας

150 1556 330 1612 ἔχοντας
359 1555 405 1598 ἐν
433 1561 526 1606 τοῖς
548 1555 718 1612 σώμασι
737 1560 978 1611 καθαρμοῦ
1005 1571 1136 1611 χαριν
1165 1571 1225 1605 ως
1253 1554 1422 1608 ἐναγεῖς
1439 1566 1541 1597 συν-

151 1611 474 1666 αθροισθέντας
502 1611 768 1667 ὑπερορίους
803 1612 1117 1682 ἐκβεβλῆσθαι·
1167 1628 1274 1662 τους
1313 1611 1360 1654 δὲ
1402 1610 1540 1664 ἐξορι-

151 1669 339 1719 σθέντας
363 1669 692 1739 καταλαβέσθαι
720 1686 800 1724 μεν
827 1668 932 1720 τούς
960 1668 1058 1740 περὶ
1086 1685 1139 1715 τα
1165 1665 1444 1740 Ἱεροσόλυμα
1472 1665 1541 1711 τό·
1569 1671 1626 1715 40

148 1742 285 1777 πους,
316 1725 671 1796 συστησαμένους
699 1727 745 1769 δὲ
775 1726 825 1769 τό
856 1730 945 1768 τῶν
977 1723 1205 1776 Ἰουδαίων
1241 1724 1373 1775 ἔθνος
1389 1739 1543 1792 παρα-
1582 1761 1585 1763 .

149 1781 335 1836 δόσιμον
375 1785 557 1853 ποιῆσαι
594 1781 644 1825 τὸ
681 1787 810 1838 μῖσος
852 1780 902 1825 τό
945 1781 1059 1852 πρὸς
1097 1779 1202 1832 τούς
1241 1778 1541 1836 ανθρώπους·

148 1837 223 1882 δια
247 1841 378 1882 τοῦτο
413 1838 459 1881 ’δὲ
488 1838 562 1881 καὶ
586 1836 752 1894 νόμιμα
773 1842 997 1888 παντελως
1025 1837 1316 1894 ἐξηλλαγμένα
1344 1839 1544 1881 καταδεῖ-

74 1934 77 1939 ,
149 1896 242 1947 ξαι,
270 1895 320 1938 τὸ
341 1895 516 1965 μηδενὶ
534 1893 650 1955 α’λλῳ
685 1896 804 1939 ἔθνει
827 1894 1040 1964 τραπέζης
1068 1899 1303 1938 κοινωνεῖν
1335 1891 1441 1950 μηδ’
1474 1893 1543 1937 εὐ-

28 2008 30 2010 v
73 1956 271 2002 525νοεῖν
304 1949 354 1994 τὸ
383 1949 623 2021 παράπαν.
663 1951 920 2008 υπέμνησαν
957 1951 1003 1998 δὲ,
1040 1948 1178 1994 αυτὸν
1211 1951 1283 1994 καὶ
1321 1951 1418 2005 περὶ
1456 1953 1538 1994 τοῦ
1568 1952 1625 1997 45

75 2026 77 2035 ⁴
147 2006 478 2081 προγενομένου
523 2010 680 2077 μίσους
725 2014 819 2061 τοῖς
861 2007 1101 2078 προγόνοις
1152 2006 1265 2061 πρὸς
1311 2011 1442 2050 τοῦτο
1489 2005 1539 2052 τὸ

76 2114 79 2118 ,
147 2065 293 2115 ἔθνος.
331 2063 549 2121 Ἀντίοχος
576 2082 661 2119 γαρ
693 2062 718 2108 6
748 2065 1118 2119 προςαγορευθεὶς
1140 2062 1381 2134 Ἐπιφανής
1409 2080 1542 2108 κατα-

76 2132 81 2159 ῖ
147 2118 406 2191 πολεμήσας
427 2122 556 2179 τοὺς
569 2120 807 2174 Ἰουδαίους
838 2123 1033 2194 εἰςῇλθεν
1062 2123 1123 2172 εἰς
1150 2120 1231 2163 τὸν
1259 2120 1427 2164 ἄδυτον
1456 2123 1541 2164 τοῦ

146 2182 260 2222 θεοῦ
302 2176 479 2250 σηκόν,
499 2180 555 2221 οὐ
591 2177 783 2234 νόμιμον
812 2178 987 2229 εἰςιέναι
1016 2176 1158 2247 μόνον
1186 2176 1264 2220 τὸν
1295 2177 1431 2231 ἱερέα·
1472 2177 1540 2220 εὗ-

149 2235 242 2290 ρών
271 2234 318 2278 δὲ
347 2234 395 2278 ἐν
424 2233 544 2307 αὖτῳ
571 2237 746 2279 λίθινον
787 2233 957 2304 α’γαλμα
996 2232 1160 2288 ἀνδρός
1201 2231 1537 2290 βαθυπωγωνος
1568 2238 1624 2282 50

147 2290 404 2361 καθήμενον
447 2291 518 2336 ἐπ’
563 2291 675 2336 ὄνου
710 2292 816 2353 μετὰ
852 2297 998 2347 χεῖρας
1037 2291 1137 2347 ἔχον
1165 2291 1372 2361 βιβλίον,
1403 2294 1538 2334 τοῦτο

150 2364 231 2404 μεν
266 2346 453 2405 ὑπέλαβε
481 2349 711 2402 Μωυσέως
747 2354 862 2393 εἰναι
889 2352 971 2392 τοῦ
1003 2350 1232 2401 κτίσαντος
1273 2347 1328 2392 τὰ
1360 2345 1543 2404 Ἱεροσό-

146 2505 205 2542 25.
227 2525 276 2532 --
299 2505 380 2543 525.
403 2507 461 2542 72.
494 2508 688 2554 ΡῙιοῐῖιιεῙι
692 2508 789 2544 379
809 2520 830 2543 a
852 2507 911 2543 35.
935 2527 979 2534 —
1007 2507 1116 2544 380a
1138 2507 1174 2545 4.
1332 2506 1393 2542 25.
1422 2505 1544 2563 φησίν

147 2554 276 2588 o1en.B
437 2553 496 2588 28.
529 2521 741 2601 διαλύσεως]
773 2555 975 2596 συλλύσεως
999 2556 1110 2589 Amet.
1269 2552 1327 2588 35.
1357 2551 1433 2590 υπὸ
1464 2565 1542 2587 των

146 2602 198 2641 A,
235 2599 362 2633 caeteri
393 2612 499 2655 παρα
677 2602 733 2636 41.
767 2600 809 2636 τό
826 2605 951 2656 μῖσος
982 2601 1026 2636 τό
1052 2599 1149 2645 πρός
1170 2613 1259 2640 τους
1283 2595 1335 2656 οἷ.]
1366 2595 1408 2633 τὸ
1433 2602 1542 2643 μῖσος

146 2643 245 2688 πρὸς
267 2658 355 2686 τους
379 2643 413 2680 οἷ
434 2648 556 2687 Amst‚
580 2645 623 2683 τὸ
649 2646 745 2691 πρὸς
766 2661 856 2689 τους
882 2646 918 2682 οἷ.
944 2649 1084 2691 μῖσοςΒ
1195 2646 1253 2680 42.
1281 2643 1321 2680 δὲ
1345 2656 1415 2680 om
1438 2646 1471 2679 B

147 2690 207 2726 44.
230 2688 325 2736 μηδ’
351 2691 496 2729 εὐνοεῖν
518 2692 561 2728 τὸ
585 2693 765 2740 παράπαν
788 2696 830 2738 A,
856 2692 898 2729 τό
923 2693 1104 2739 παράπαν
1126 2690 1220 2738 μηδ’
1243 2688 1388 2729 ευνοεῖν
1411 2689 1543 2725 caeteri

239 2760 320 2795 525.
346 2759 403 2795 45.
442 2762 715 2807 προγενομένου
738 2765 791 2803 Α
827 2762 956 2797 caeteri
980 2760 1180 2807 γενομένου
1342 2759 1399 2794 48
1431 2755 1494 2804 οὔ]
1520 2753 1548 2804 ῃ

148 2817 274 2852 margo
298 2808 350 2849 A,
377 2807 420 2842 οἶ
437 2809 620 2846 Bekkerua
778 2790 836 2846 52.
870 2809 1065 2853 stIcov'oe'ms
1091 2810 1141 2856 A,
1173 2804 1365 2848 Μωϋσέοε
1389 2807 1442 2852 Β,
1466 2817 1548 2842 ⁶³0·

150 2853 216 2887 teri
240 2853 410 2895 Μωσέως

1240 2902 1271 2944 4
