1968 3346
551 649 1445 757 ADDENDwA·

423 899 465 938 Ρ.
492 900 553 943 ed
581 901 707 945 Wess.
738 898 835 944 489.
867 904 905 943 3
943 917 990 956 τη
995 918 1018 943 ν
1049 900 1093 943 ἐκ
1123 905 1197 944 τοῦ
1227 901 1500 955 συμφέροντος
1533 900 1689 952 ἐλπίδα]

314 957 496 1054 Congerri
510 963 682 1009 possunt
699 956 798 997 haec
816 958 895 998 vol.
914 958 963 997 Π.
984 973 1025 1013 Ρ.
1044 962 1134 1004 177.
1162 958 1228 1003 55.
1257 957 1328 1008 τὰς
1351 959 1395 1002 ἐκ
1422 962 1495 1001 τοῦ
1524 954 1691 1012 φεύγειν

312 1014 400 1055 {aaz
429 1029 475 1060 ας

426 1071 468 1109 P.
498 1069 595 1112 515.
629 1073 694 1112 13.
753 1070 811 1107 De
852 1069 985 1108 Photii
1027 1072 1209 1123 exemplo
1255 1071 1611 1110 Amstelodamensi
1647 1084 1690 1111 v.

313 1125 496 1176 ὃοῖιννεῑὶἺ
478 1126 678 1164 σὶιειευεεϊί
696 1127 822 1164 Praef.
845 1127 895 1164 ad
920 1127 1150 1178 Appianum
1167 1128 1246 1167 vol.
1265 1129 1296 1167 I.
1318 1144 1359 1180 p.
1380 1130 1533 1175 XXIX.

427 1184 467 1220 P.
475 1156 587 1224 D-568
608 1186 677 1225 89.
716 1183 874 1221 Codicis
904 1184 1147 1235 scriptulam
1176 1200 1279 1239 προς
1310 1182 1498 1239 α’λληλαις
1526 1185 1693 1224 fortasse

312 1239 568 1294 praestabat
557 1252 599 1276 m
619 1236 890 1292 προςαλληλου
909 1241 1067 1280 mutari.

428 1297 468 1335 P.
490 1296 583 1337 592-
601 1298 667 1337 82.
698 1296 847 1334 Reiskii
868 1297 1098 1335 coniectula
1120 1311 1202 1335 non
1224 1296 1439 1335 admodum
1459 1310 1560 1348 opus
1588 1302 1660 1335 est.

429 1353 473 1390 P.
495 1352 587 1393 594.
607 1355 673 1393 68.
704 1353 1028 1392 Emendationem
1046 1367 1172 1391 meam
1196 1354 1452 1392 certissimam
1473 1353 1604 1392 reddit
1621 1353 1698 1391 sre-

318 1415 443 1459 que'ns
472 1409 682 1459 utriusque
711 1410 897 1448 vocabuli
921 1411 1174 1462 permutatio.
1244 1411 1343 1449 Vide
1370 1416 1505 1451 annot.
1536 1409 1587 1448 ad
1617 1410 1698 1448 vol.

317 1466 349 1505 Ι.
367 1479 409 1517 Ρ.
433 1464 525 1506 645.
550 1468 585 1506 1.
609 1465 658 1502 II.
673 1468 767 1508 389.
789 1469 856 1507 30.
958 1517 975 1523 -

433 1521 475 1558 P.
494 1522 590 1563 624.
616 1525 679 1564 12.
709 1522 837 1560 Verba
862 1518 920 1562 δι’
942 1525 999 1562 ὠν
1025 1546 1072 1552 -
1096 1518 1394 1575 ω’νειδίσθησαν
1415 1522 1575 1560 Suidam
1602 1521 1700 1559 1ιίηο

323 1577 516 1630 petivisse
532 1591 573 1615 v.
593 1578 839 1631 παρεθέντος
865 1593 946 1616 nou
974 1579 1077 1629 fugit
1097 1579 1297 1630 Toupium
1318 1580 1398 1618 vol.
1419 1579 1466 1618 ΙΙ.
1485 1582 1604 1630 Ρ.27.

435 1635 475 1671 P
501 1636 596 1675 629.
615 1634 683 1677 43.
726 1636 1117 1688 μεταχρηματίσασα]
1149 1636 1386 1674 Coniectura
1415 1649 1484 1673 sua
1517 1647 1704 1688 μετασχη-

322 1690 519 1742 ματίσασα
546 1692 742 1729 abstinere
768 1692 935 1730 debebat
955 1692 1163 1730 Clintonus
1185 1694 1288 1731 Fast.
1308 1693 1389 1731 voi.
1414 1692 1461 1731 II.
1483 1706 1521 1743 p.
1542 1694 1637 1734 328.

436 1747 475 1784 Ρ.
492 1749 586 1789 633.
597 1747 637 1790 5.
669 1748 757 1786 Huc
776 1749 951 1800 respexit
973 1749 1244 1787 Theodoretus
1267 1750 1347 1787 vol.
1363 1748 1425 1788 IV.
1445 1762 1484 1800 p.
1503 1751 1597 1791 766
1616 1743 1706 1787 αλλ’

323 1801 649 1855 ἕπανέλθωμεν’
632 1801 700 1844 επ’
720 1805 781 1845 ἐκε
786 1809 851 1844 ἷια
875 1802 901 1844 ἃ
921 1801 1062 1852 τούςδε
1094 1805 1194 1858 ημῖν
1221 1822 1315 1852 τους
1346 1802 1486 1860 λόγους
1513 1803 1705 1858 γεγέννη-

323 1874 412 1908 κεν,
443 1856 505 1898 ότι
524 1856 706 1912 πρώτους
726 1858 852 1909 θεοὺς
875 1858 1070 1913 ἐνόμισαν
1096 1862 1163 1902 καὶ
1187 1858 1406 1914 Αἰγυπτιοι
1426 1861 1494 1901 καὶ
1522 1862 1708 1930 Φοίνικες

323 1915 394 1955 καὶ
421 1913 553 1966 μέντοι
582 1916 649 1956 καὶ
664 1914 856 1969 Έλληνες
884 1915 1001 1969 ἥλιον
1036 1918 1105 1958 καὶ
1133 1915 1306 1969 σελήνην
1337 1918 1407 1958 καὶ
1436 1914 1612 1983 ου’ρανον
1639 1916 1708 1957 καὶ

324 1987 402 2024 γην
434 1971 502 2010 καὶ
529 1970 649 2012 τᾶλλα
673 1978 854 2025 στοιχεῖα.
893 1977 1011 2014 τοῦτο
1041 1973 1116 2028 γὰρ
1148 1972 1198 2026 δη
1228 1974 1294 2014 καὶ
1327 1973 1350 2014 ὁ
1381 1969 1554 2014 Πλάτων
1581 1973 1650 2013 καὶ
1684 1989 1705 2013 ο

326 2023 568 2078 Σικελιώτης
589 2025 789 2081 Διόδωρος
810 2029 878 2070 καὶ
898 2030 922 2070 ὁ
948 2028 1183 2083 Χαιρωνευς
1204 2031 1358 2079 ἐδίδαξε
1380 2026 1650 2084 Πλούταρχος.

440 2084 486 2122 P·
511 2086 604 2127 634.
627 2088 694 2128 80
723 2085 792 2125 καὶ
813 2083 1100 2139 κρατήσαντας]
1129 2087 1196 2127 καὶ
1219 2087 1323 2125 delet
1350 2087 1552 2126 Wurmius
1573 2086 1624 2124 ad
1647 2085 1707 2123 in-

326 2140 650 2192 telpretationem
672 2142 958 2182 Germanicam.

441 2197 484 2236 P.
517 2199 612 2239 637.
647 2199 712 2239 82.
751 2197 899 2238 Scribe
920 2195 1250 2252 καθηγησασθαι.
1363 2201 1431 2241 86.
1460 2197 1596 2236 Scribe
1618 2197 1709 2237 διω-

328 2255 497 2292 ’θῖναω

329 2270 351 2305 k
399 2269 409 2304 1
444 2309 487 2346 Ρ.
518 2311 611 2350 638.
646 2307 717 2350 45.
758 2311 960 2364 προτερεῖ]
1009 2309 1111 2348 Vide
1141 2306 1277 2350 annot.
1306 2311 1356 2349 ad
1387 2309 1575 2362 Xenoph.
1607 2307 1711 2346 Hist.

328 2378 385 2415 gr.
407 2364 457 2402 ΙΙ.
477 2369 519 2408 3.
545 2367 611 2406 19.

442 2421 486 2458 P·
510 2422 605 2462 643
626 2421 692 2461 88
729 2420 928 2471 δυνατοῖς]
959 2421 1218 2461 Scribendum
1246 2435 1340 2472 esse,
1370 2428 1416 2460 ut
1447 2422 1546 2466 dixi,
1576 2416 1711 2467 αὐτοῖς

331 2477 542 2514 confirmat
561 2476 655 2513 alibi
673 2484 829 2528 reperta
848 2478 1065 2516 eorundem
1084 2480 1230 2518 verbol
1233 2493 1299 2517 um
1321 2478 1592 2516 commutatio.
1630 2477 1711 2513 Iso-

332 2533 450 2571 cratis
469 2531 687 2571 Panathen-
716 2547 756 2584 Ρ.
776 2534 873 2575 248.
896 2537 968 2584 τῆς
988 2531 1104 2585 δόξης
1131 2538 1182 2588 ἧς
1207 2538 1381 2589 προςῆκε
1412 2539 1545 2586 τυχεῖν
1576 2528 1712 2573 αὐτόν.

330 2590 452 2627 Liber
479 2589 652 2628 Vrbinas
685 2587 866 2629 δυνατόν.
902 2591 1239 2642 Xenoph.1nstit.
1263 2592 1358 2643 Cyri
1380 2591 1481 2630 VIII.
1511 2594 1552 2632 6
1576 2588 1712 2631 10.1ἰ-

330 2645 395 2683 b1i
414 2645 570 2684 variant
591 2645 697 2683 inter
717 2641 790 2685 όσα
821 2644 963 2686 ἕαυτον
980 2644 1129 2716 ,ἐώρων
1158 2651 1355 2688 ποιοῦντα
1386 2654 1424 2685 et
1447 2643 1620 2686 δυνατον
1642 2640 1713 2684 ἑώ-

331 2717 414 2753 ρων
442 2704 640 2742 ποιοῦντα
668 2699 810 2742 ἕαυτον
842 2703 907 2740 vel
938 2699 1061 2744 αὐτον
1095 2710 1133 2743 et
1174 2702 1310 2757 ἑώρων
1339 2706 1536 2744 ποιοῦντα
1575 2698 1715 2741 ἑαυτὸν

331 2755 465 2798 πάντα
489 2761 710 2809 μιμεῖσθαι,
740 2758 848 2795 unde
871 2755 991 2799 αὐτὸν
1016 2756 1151 2812 ἑώρων
1175 2764 1370 2801 ποιοῦντα
1392 2772 1520 2812 nuper
1545 2756 1714 2797 restitui.

444 2814 772 2867 Fragmentorum
793 2815 1019 2854 collectioni
1040 2815 1141 2856 haec
1162 2817 1365 2856 accedant.
