1968 3346
385 232 442 272 64
565 226 864 268 EXGERPTA
892 225 1179 267 VATICANA
1206 226 1255 267 L.
1275 225 1408 269 XXV.
1436 227 1589 271 XXVI.

386 342 551 383 στοῦσα
587 339 660 382 καὶ
698 342 792 388 ταῖς
831 335 1155 391 διαδιδομὲναις
1191 336 1360 413 φήμαις
1387 338 1626 394 μετάμελος
1657 336 1770 385 οὖσα

385 401 550 452 πολλης
581 393 770 451 ἀγωνίας
799 394 1054 450 ἐπληροῦτο.

499 482 568 521 ΙΙΙ.
612 479 711 522 ’Ότι
743 479 769 522 ὁ
797 479 1094 535 πρεσβύτατος
1123 496 1213 523 των
1244 479 1289 523 ἐκ
1318 483 1394 536 τῆς
1418 478 1584 536 Ῥώμης
1612 481 1769 536 ἐκπεμ-

387 537 600 592 φθέντων
629 539 908 605 πρεσβευτῶν
937 537 982 579 ἐν
1007 553 1066 594 τῳ
1099 539 1312 593 συιεδρίῳ
1342 540 1431 580 τῶν
1455 539 1826 592 Καρχηδονίων57

357 596 525 645 5ὄείξας
543 611 594 651 τη
616 596 824 661 γερουσίᾳ
852 592 930 636 τὸν
959 584 1124 636 κόλπον
1156 596 1217 648 [οἱ
1239 595 1357 648 παρὰ
1386 599 1467 637 τοῦ
1498 597 1771 649 πρεσβευτοῦ

380 650 614 707 (Ρωμαίων
653 650 878 719 γενόμενοι
909 649 1022 704 πρὸς
1051 650 1131 706 τήν
1159 654 1393 719 γερουσίαν
1422 668 1509 693 των
1509 654 1770 722 Καρχηδο-

385 709 495 750 νίων
533 705 670 762 λόγοι]
712 704 931 776 ἐψήφισαν
982 707 1132 762 φέρειν
1170 706 1309 750 αυτον
1349 708 1422 750 καὶ
1471 707 1555 776 τὴν
1590 724 1770 778 3⁶9¹?va

385 766 459 808 καὶ
496 764 574 807 τὸν
613 765 825 819 πόλεμον·
873 762 1122 810 απολείιίειν
1161 767 1244 807 οὐν
1274 763 1441 807 τούτων
1471 762 1685 817 ὁπότερον
1716 765 1772 808 ἂν

388 823 432 864 οῖ
462 805 756 876 Καρχηδόνιοι
787 824 1079 876 βουληθωσιτ.
1123 826 1202 864 τοῦ
1241 821 1285 864 δὲ
1323 825 1412 863 τῶν
1452 823 1771 890 Καρχηδονίων

333 879 597 933 1Οβασιλέως
638 878 836 927 εἰπόντος
865 883 1006 920 ποιεῖν
1042 876 1179 920 αὐτόν
1217 876 1434 930 ὁπότερον
1466 877 1521 920 ἂν
1562 877 1770 933 βούλοιτο

387 935 471 1004 ἔφη
499 935 588 979 Τόν
614 934 807 988 πολεμον
829 934 993 989 ἐφίημι.
1018 939 1105 978 τῶν
1129 934 1174 978 δε
1195 932 1516 991 Καρχὴδονίων
1534 936 1578 978 οἱ
1595 937 1772 987 πλείους

389 991 527 1043 εὐθὺς
557 991 804 1048 ἀνεβόησαν
836 991 1048 1046 δέχεσθαι.

500 1078 573 1119 IV.
613 1076 711 1118 Ὀτι
741 1077 785 1118 οἱ
813 1075 923 1118 κατὰ
950 1074 1029 1131 τὴν
1046 1073 1358 1145 Ουίκτόμελαν
1386 1074 1517 1120 πόλιν
1546 1076 1772 1130 ἐκπολιορ-

389 1133 496 1189 κηθὲ
501 1149 595 1183 ντες
632 1132 884 1203 συνέφυγον
922 1134 979 1183 εἰς
1008 1131 1084 1183 τὰς
1124 1135 1236 1184 ἰδίας
1268 1136 1407 1184 οἰκίας
1436 1133 1504 1177 επὶ
1534 1134 1664 1176 τέκνα
1695 1134 1772 1178 καὶ

334 1196 600 1259 15γυναΐκας
629 1189 708 1245 τήν
740 1188 920 1244 ἐσχάτην
950 1187 1055 1243 παρ’
1087 1189 1235 1232 αὐτῶν
1264 1189 1503 1245 ληψόμενοι
1523 1189 1702 1244 τέρψιν,
1734 1191 1772 1234 εἰ

389 1246 442 1303 δή
473 1250 536 1298 τίς
577 1247 666 1289 ἐστι
695 1245 845 1316 τέρψις
874 1251 965 1296 τοῖς
996 1245 1315 1302 ἀπολλυμένοις
1344 1249 1380 1289 εἰ
1404 1263 1467 1317 μη
1499 1246 1669 1301 δάκρυα
1697 1247 1772 1290 καὶ

386 1321 435 1346 το
466 1309 713 1347 τελευταῖον
743 1319 790 1345 εν
819 1307 880 1358 τῷ
913 1307 988 1357 ζῆν
1017 1306 1105 1344 τῶν
1134 1307 1359 1358 συγγενῶν
1389 1302 1638 1358 ἀσπασμός·
1670 1307 1772 1347 ταῦ-

387 1377 440 1403 τα
470 1360 554 1416 γάρ
585 1365 676 1410 τοῖς
708 1348 943 1414 ἀτυχοῦσιν
964 1376 1081 1416 εχειν
1110 1361 1209 1402 τινα
1248 1363 1370 1403 δοκεῖ
1399 1360 1669 1429 κουφισμὸν
1681 1376 1772 1404 των

388 1416 714 1488 ἄκληρηιιάτων.
749 1434 789 1459 οι
823 1433 901 1471 μεν
925 1417 1008 1459 οὐν
1037 1420 1230 1459 πλεῖστοι
1258 1416 1335 1467 τὰς
1365 1419 1505 1468 οἰκίας
1527 1415 1773 1473 εμπρησαν-

333 1482 458 1524 2οτες
488 1474 667 1516 πανοικὶ
699 1472 804 1528 μετὰ
837 1490 925 1515 των
955 1477 1176 1541 συγγενῶν
1205 1474 1560 1544 κατεφλέχθησαν
1589 1475 1663 1517 καὶ
1693 1474 1772 1517 τὸν

390 1532 458 1574 ἐπὶ
488 1535 563 1586 τῆς
596 1532 708 1581 ἰδίας
746 1530 887 1580 εστίας
914 1528 1059 1585 τάφον
1088 1529 1261 1581 εαυτοῖς
1290 1530 1551 1586 ἐπέστησαν,
1583 1531 1696 1581 τινὲς
1726 1531 1773 1574 δὲ

386 1586 695 1645 εὐψυχοτατως
731 1603 836 1638 τους
872 1588 1012 1639 ἰδίους
1054 1586 1372 1643 προανελόντες
1408 1604 1595 1639 εαυτους
1627 1603 1773 1631 επικα-

526 1713 580 1750 64.
607 1716 641 1750 7.
675 1712 815 1760 φέρειν]
842 1716 926 1750 cod.
953 1713 1054 1759 φέρε
1078 1716 1174 1749 MAI.
1203 1718 1300 1757 Quae
1324 1715 1424 1750 uncis
1448 1715 1705 1759 circumscripsi
1731 1727 1773 1748 ex

433 1765 590 1806 margine
612 1764 711 1796 illata
741 1770 838 1802 suut,
867 1764 922 1796 cui
945 1765 1060 1795 simile
1079 1763 1203 1795 lemma
1227 1764 1363 1796 allitum
1386 1763 1467 1796 vide
1492 1774 1596 1806 supra
1619 1774 1653 1806 p.
1675 1762 1708 1795 2.
1727 1761 1774 1803 7.,

434 1810 526 1841 infra
552 1822 585 1853 p.
614 1810 691 1842 110.
724 1811 790 1842 Μ.;
829 1822 907 1842 nam
944 1821 1031 1853 quae
1056 1809 1176 1841 itidem
1201 1809 1319 1853 inepte
1343 1810 1546 1842 inseruntur
1569 1821 1604 1852 p.
1631 1808 1687 1842 62.
1721 1809 1773 1840 M.

434 1856 554 1899 paullo
584 1857 671 1888 alius
705 1855 842 1910 generis
876 1862 966 1888 sunt.
1016 1857 1084 1887 Iam
1119 1863 1234 1888 autem
1263 1868 1330 1900 pro
1363 1852 1554 1900 ἕψήφισαν
1576 1870 1621 1879 -
1655 1850 1774 1890 αὐτον

435 1909 573 1934 sentent
578 1902 608 1934 ia
634 1902 783 1944 requirit
809 1898 943 1955 ε’φησε
947 1920 993 1924 -
1017 1895 1145 1935 αὑτὸν.

526 1945 583 1981 64.
610 1949 643 1982 3.
676 1945 869 1990 ὁπότεροι]
896 1944 1054 1990 πότερον
1077 1948 1132 1981 ed.
1157 1949 1260 1981 Rom.

527 1992 584 2027 64.
613 1995 667 2028 16.
706 1991 766 2048 δή]
795 1993 836 2028 δέ
865 1995 919 2026 ed.
944 1996 1045 2027 Rom.

527 2038 584 2073 64.
613 2041 667 2074 18.
699 2036 925 2093 ἀτυχοῦσιν]
939 2035 1192 2082 ἀποτυχοῦσιν
1216 2040 1270 2074 ed.
1297 2041 1399 2074 Rom.

528 2084 584 2120 64.
612 2087 670 2121 21.
705 2084 845 2130 τάφον]
878 2083 1027 2130 τάφρον
1052 2088 1109 2119 ed.
1135 2088 1237 2120 Rom.
1249 2110 1260 2129 ‚
1286 2087 1348 2120 sed
1371 2086 1571 2133 sepulcrum
1593 2085 1773 2130 interpre-

435 2132 539 2166 tatio.

526 2175 583 2212 64.
609 2178 665 2213 22.
697 2173 975 2222 εὖψυχοτάτως]
1007 2173 1269 2222 εὐτυχωτοὶτως
1293 2178 1348 2214 ed,
1371 2179 1474 2212 Rom·

480 2289 537 2323 64.
562 2290 619 2326 12.
653 2290 726 2325 Res
748 2291 949 2334 notissima,
978 2289 1087 2325 veluti
1115 2290 1210 2335 apud
1233 2288 1432 2334 Appianum
1456 2288 1548 2335 hisp.
1580 2300 1660 2334 cap.
1675 2287 1773 2331 XIII,

388 2335 514 2381 Polyb.
534 2337 595 2370 111.
622 2336 679 2370 33.
715 2338 813 2371 MAI.

480 2392 619 2427 64.13.
655 2395 901 2437 Quaerendum
925 2393 1125 2439 diligentius
1150 2394 1193 2428 de
1216 2394 1284 2427 hac
1310 2394 1418 2434 urbe,
1451 2393 1551 2427 cuius
1572 2403 1698 2426 nomen
1721 2391 1773 2426 ita

387 2450 425 2473 se
446 2439 554 2473 habet
575 2440 784 2474 evidenter
774 2453 809 2474 ιη
834 2441 970 2480 codice3
995 2441 1171 2474 excidium
1196 2445 1313 2474 autem
1337 2439 1484 2482 pertinet
1507 2440 1551 2473 ad
1574 2439 1660 2472 belli
1681 2439 1772 2472 han—

388 2486 532 2519 nibalici
564 2486 713 2521 initium.
761 2489 815 2520 De
839 2488 997 2531 Sagunto
1029 2491 1122 2520 certe
1144 2498 1212 2520 non
1237 2498 1272 2519 es
1276 2491 1288 2519 t
1311 2485 1556 2530 cogitandum,
1591 2485 1689 2518 cuius
1713 2496 1773 2517 su·-

388 2543 509 2574 prema
533 2532 605 2566 fata
636 2533 737 2566 aliter
760 2540 942 2567 narrantux
976 2533 1012 2566 in
1035 2533 1136 2566 editis
1160 2532 1309 2566 Diodori
1343 2532 1548 2576 fragmentis
1576 2531 1638 2564 lib.
1659 2530 1773 2564 XXV.

388 2578 448 2612 fin.
483 2579 625 2612 Praeter
645 2591 749 2622 quam
773 2580 865 2623 quod
889 2579 1036 2623 Sagunti
1061 2580 1196 2612 eversio
1220 2578 1368 2623 contigit
1392 2582 1470 2612 ante
1492 2578 1626 2611 beilum
1650 2587 1773 2610 secun-

389 2625 473 2657 dum
497 2624 752 2660 denunciatum.
800 2626 926 2659 Utrum
937 2605 1072 2659 Dantem
1095 2626 1184 2658 haec
1208 2625 1250 2658 de
1275 2629 1379 2668 capta
1403 2624 1596 2657 Victomela
1618 2622 1774 2656 narratio

390 2671 434 2704 ad
459 2670 582 2712 XXV,
607 2682 650 2705 an
674 2671 788 2715 potius
810 2673 853 2704 ad
873 2672 991 2704 XXVI
1014 2671 1143 2705 librum
1165 2671 1357 2715 pertineat,
1392 2671 1518 2705 merito
1542 2669 1773 2703 dubitandum

388 2720 451 2750 est.
486 2717 586 2750 MAI.
634 2718 705 2761 Qui
727 2718 810 2751 fecit
831 2717 914 2751 libri
937 2717 1049 2751 XXV.

483 2773 539 2808 6}
564 2773 620 2806 22.
663 2771 936 2819 εὐτυχωτάτως]
985 2774 1234 2809 Contradicunt
1265 2774 1341 2808 iure
1375 2774 1571 2817 meritoque
1603 2770 1775 2816 Polybius

393 2818 508 2852 XXX.
532 2819 577 2864 7,
610 2824 643 2853 et
663 2821 784 2858 Cicero
806 2822 850 2857 de
871 2833 946 2867 rep.
969 2822 1025 2857 H.
1061 2820 1125 2866 15,
1157 2832 1238 2856 cum
1260 2821 1341 2857 aliis
1364 2820 1566 2857 auctoribus
1597 2817 1648 2854 ibi
1671 2829 1694 2854 a
1716 2828 1774 2853 me

391 2865 557 2901 laudati&
568 2847 688 2904 MAI
