1968 3346
402 265 485 304 134
548 259 851 303 excERPTA
882 260 1170 311 VAT1eANA
1197 260 1246 304 L.
1271 239 1647 305 xxxv11.-‘-x1„.

403 373 457 427 τῇ
488 367 592 414 καθ’
624 369 794 427 ἡμέραν
823 369 1009 430 ἀθλήσει
1036 372 1112 418 καὶ
1133 374 1374 432 φιλοπονίᾳ
1398 371 1512 430 πρός
1535 371 1798 420 τουναντίον

407 425 759 499 διορθώσασθαι.

509 482 611 527 Ὀτι
657 482 682 529 ὁ
730 483 1023 542 περιμάχητος
1069 483 1326 541 ἀνθρώποις
1363 489 1555 539 πλοῦτος
1591 485 1799 549 μεγαλαις

408 538 660 596 περιβάλλει
689 547 940 610 συμφοραῖς
970 543 1108 586 ἐνίοτε
1137 542 1244 592 τούς
1283 542 1642 599 ἐπιθυμήσαντας
1674 561 1797 614 μετα-

381 599 583 651 5λαβεῐν·
615 596 969 654 προτρεπόμενος
997 599 1082 668 γάρ
1114 600 1175 650 είς
1205 597 1387 650 αδίκους
1408 601 1482 644 καὶ
1508 600 1800 670 παρανόμους

407 653 587 724 πράξεις
614 655 688 697 καὶ
722 656 909 712 χορηγὸς
940 654 1174 726 γινόμενος
1212 655 1354 712 πάσης
1383 654 1606 709 ἀκρατοῦς
1633 655 1800 714 ἡδονῆς

409 710 516 762 τοὺς
533 709 750 783 ἄφρονας
778 716 910 780 χωρεῖ
935 712 1047 766 πρὸς
1075 711 1129 755 τὰ
1161 716 1310 782 φαῦλα
1330 729 1419 756 των
1448 713 1600 769 ἔργων
1629 729 1801 769 τοιγαρ-

409 771 493 811 οὕν
521 765 633 821 ὁρᾶν
664 767 754 811 ἔστι
783 784 890 818 τους
918 768 1150 819 τοιούτους
1179 766 1346 821 αὐτους
1367 769 1447 839 μὲν
1471 775 1564 821 τοῖς
1584 772 1802 840 μεγίστοις

409 823 685 893 οἷκληρήμασι
721 826 1080 894 περιπίπτοντας,
1118 830 1214 876 ταῖς
1251 826 1298 869 δὲ
1335 824 1488 869 πόλεσι
1519 829 1610 870 τῶν
1649 824 1802 882 ἀτυχη-

360 879 562 938 lomim-nv
587 879 863 952 γινομένους
894 882 1073 933 αἰτίους.
1112 882 1336 952 τοσαύτην
1366 881 1390 926 ὁ
1420 882 1585 952 χρυσὸς
1613 883 1698 953 ἔχει
1727 883 1802 926 δυ’-

409 953 544 994 ναμιν
582 937 653 981 ἐπὶ
689 941 813 996 κακῷ
844 936 1178 1009 προτιμώμενος
1208 936 1428 1008 αφρόνως
1458 954 1589 1009 παρα
1627 937 1805 994 ἀνθρώ-

408 1010 532 1048 ποις,
571 995 729 1047 οἴτινες
764 983 838 1039 διὰ
875 995 955 1052 τήν
992 993 1248 1053 υπερβολήν
1276 999 1353 1053 τῆς
1381 994 1494 1052 πρός
1522 998 1686 1042 τοῦτον
1715 996 1804 1041 ἐπι·

549 1095 628 1132 134-
653 1095 688 1132 4
721 1094 854 1154 ἐνίοτε]
880 1098 1005 1154 incipit
1028 1099 1161 1133 codicis
1189 1110 1226 1143 p.
1249 1096 1334 1134 242.

552 1142 631 1178 134.
657 1144 690 1177 5.
728 1141 895 1188 ἀδίκους]
924 1141 1087 1189 αδήλους
1112 1146 1167 1178 ed.
1188 1146 1291 1179 Rom.

551 1188 630 1224 134.
655 1190 687 1224 7
722 1191 858 1245 χωρεῖ]
885 1193 936 1224 lta
961 1191 1040 1225 eod.
1066 1203 1129 1234 pro
1156 1186 1263 1225 ωθεῖ.
1290 1192 1386 1224 ΜΑΙ.
1409 1191 1545 1234 χωρεῖν
1565 1190 1601 1224 vi
1617 1190 1805 1225 transitiva

457 1237 658 1298 praeditum
683 1238 772 1269 tueri
802 1244 947 1270 conatus
973 1244 1028 1269 est
1051 1238 1132 1269 Reis
1137 1237 1214 1272 kins
1239 1237 1284 1269 ad
1306 1239 1528 1270 Constantini
1547 1237 1744 1269 caerimon.
1768 1249 1805 1291 p.

459 1279 674 1322 140.144.‚
711 1295 790 1314 usus
819 1282 908 1315 locis
936 1290 1009 1314 tum
1039 1283 1281 1324 Constantini,
1317 1283 1376 1315 ubi
1400 1279 1659 1326 προεχώρησεν
1686 1278 1749 1324 ἐμὲ
1781 1278 1806 1327 ἡ

458 1324 656 1382 Αὕγουστα
688 1326 784 1369 πρὸς
808 1323 850 1361 τό
886 1324 1164 1370 ἀναδέξασθαι,
1198 1335 1274 1361 tum
1300 1329 1447 1362 Diodori
1467 1331 1550 1362 XV.
1578 1328 1636 1364 30.
1669 1325 1807 1371 ἐπεχεί-

458 1385 517 1416 ρει
543 1371 666 1417 λόγοις
690 1372 756 1407 τὸν
785 1372 970 1417 τύραννον
1001 1372 1174 1419 ἐκχωρεῖν
1197 1371 1237 1409 ἐκ
1260 1374 1325 1420 τῆς
1352 1371 1607 1417 ακροπόλεως,
1644 1375 1703 1407 ubi
1728 1374 1809 1408 ml-

457 1421 546 1453 θειν
570 1421 747 1453 inserebat
773 1421 1059 1455 Rliodomannus.
1106 1422 1162 1456 Ne
1188 1422 1265 1464 quis
1300 1428 1417 1455 autem
1450 1421 1643 1477 Polybium
1662 1432 1808 1474 quoquo

459 1467 567 1499 modo
593 1467 660 1500 huc
684 1467 802 1500 trahat
826 1469 908 1500 Exc
932 1467 1046 1501 Vatic.
1138 1466 1219 1501 388.
1244 1467 1297 1500 ed.
1324 1468 1409 1501 Mai.
1443 1478 1513 1501 ουκ
1535 1463 1574 1500 ἐκ
1597 1467 1672 1520 τῆς
1687 1459 1808 1500 αὐτοῦ

458 1514 632 1556 χωρεῖται
662 1512 913 1556 πραγματείας
945 1509 1035 1547 οὐδ’
1071 1479 1118 1547 εει
1143 1525 1219 1547 των
1249 1512 1358 1547 ἰδίων
1389 1509 1620 1555 ἀποφάσεων
1652 1507 1736 1547 ἀλλ’
1767 1509 1807 1548 ἐκ

460 1559 526 1604 τῆς
549 1571 625 1591 των
647 1557 759 1598 πέλας
784 1560 1029 1602 κατηγορίας
1054 1559 1104 1592 ibi
1130 1560 1352 1592 scribendum
1377 1567 1430 1593 est
1452 1561 1662 1604 θεωρεῖται-

556 1604 636 1642 134.
661 1607 694 1640 8.
729 1604 940 1649 τοιούτους]
965 1603 1173 1647 τοσούτους
1197 1605 1253 1640 ed.
1277 1607 1380 1639 Rom.

507 1694 589 1729 134.
613 1695 647 1728 2.
691 1695 887 1741 Profligato
925 1695 1049 1729 sociali
1085 1696 1203 1736 bello,
1250 1694 1406 1729 instabat
1438 1694 1722 1729 mithridaticum
1765 1695 1811 1729 ad

413 1741 507 1784 quod
531 1740 706 1785 proficisci
729 1742 922 1785 imperator
944 1742 1082 1776 Marius
1106 1742 1252 1782 avebat,
1283 1741 1349 1774 etsi
1381 1745 1495 1775 aetate
1525 1741 1646 1786 gravis
1668 1745 1703 1775 et
1725 1740 1812 1775 viri-

416 1787 485 1821 bus
508 1786 721 1830 mbilitatis,
744 1792 784 1822 ut
807 1788 962 1832 gloriam
985 1792 1019 1821 et
1043 1799 1126 1830 opes
1147 1787 1337 1821 immensas
1357 1786 1394 1820 in
1416 1787 1502 1822 Asia
1524 1790 1727 1831 quaererct3
1757 1786 1812 1820 id-

414 1845 529 1876 eoque
543 1834 680 1867 Romae
702 1846 739 1867 se
762 1838 942 1877 tamquam
966 1833 1037 1867 tiro
1062 1833 1099 1867 in
1123 1845 1248 1877 campo
1272 1834 1465 1867 exercebat.
1512 1833 1698 1868 Plutarchi
1714 1833 1813 1867 locus

415 1879 481 1913 etsi
504 1880 610 1922 paulo
633 1879 801 1922 prolixior
823 1880 904 1913 heic
928 1880 1020 1913 mihi
1042 1881 1167 1913 saltem
1191 1879 1299 1913 latine
1325 1879 1526 1915 scribendus
1550 1883 1624 1922 est,
1647 1891 1717 1913 non
1739 1882 1814 1914 tam

414 1928 456 1959 ut
480 1925 586 1959 breve
609 1924 760 1960 Diodori
792 1926 1032 1971 fragmentum
1056 1927 1099 1959 de
1122 1925 1239 1959 Mario
1262 1925 1478 1967 illustretur,
1510 1937 1618 1969 quam
1642 1930 1681 1960 ut
1703 1926 1814 1966 lecto-

416 1983 472 2005 res
494 1971 714 2015 intelligant,
737 1972 1000 2016 subsequentem
1032 1983 1170 2016 quoque
1205 1972 1247 2004 de
1270 1971 1348 2005 auri
1380 1971 1438 2005 siti
1467 1983 1663 2005 sermonem
1688 1972 1815 2005 adver-

416 2029 476 2051 sus
500 2017 657 2050 Marium
682 2029 704 2052 a
726 2018 882 2052 Diodoro
908 2018 1075 2061 torqueri.
1121 2017 1181 2050 Sic
1204 2028 1290 2062 ergo
1313 2017 1524 2051 Plutarchus
1547 2018 1583 2051 in
1606 2017 1715 2051 Marii
1738 2017 1815 2051 vita

417 2075 498 2106 cap.
525 2063 686 2097 XXXV:
731 2070 836 2107 atque
878 2065 1013 2098 Marius
1052 2075 1220 2108 perquam
1261 2064 1441 2097 ambitiose
1476 2068 1581 2107 atque
1618 2064 1814 2108 pueriliter,

417 2115 593 2142 senectute
627 2114 661 2142 et
695 2109 900 2153 infirmitate
937 2110 1160 2144 dissimulata
1191 2110 1364 2153 emperie,
1405 2109 1636 2143 descendebat
1659 2108 1813 2152 quotidie

417 2155 457 2188 in
477 2166 657 2198 campum,
683 2161 716 2189 et
735 2157 773 2188 in
793 2156 1065 2189 adulescentium
1084 2160 1228 2189 caterva
1255 2166 1414 2188 exercens
1438 2165 1496 2195 se,
1522 2155 1620 2198 agile
1645 2154 1684 2186 in
1706 2154 1816 2187 armis

419 2205 593 2245 corpus-et
615 2202 693 2244 eqni
711 2202 851 2244 patiens
870 2202 1088 2239 ostendebat,
1113 2201 1269 2244 quamvis
1289 2211 1356 2233 non
1373 2205 1462 2234 esset
1485 2200 1526 2232 ob
1544 2205 1712 2234 tumorem
1730 2211 1814 2234 ven—

419 2247 486 2281 tris
503 2247 540 2278 in
559 2247 653 2279 senio
675 2247 866 2290 expeditus,
891 2248 952 2280 sed
971 2248 1090 2280 obesus
1110 2247 1274 2279 evasisset
1294 2257 1336 2278 ac
1355 2246 1584 2290 corpulentus.
1622 2247 1720 2288 Quae
1737 2256 1815 2279 cum

412 2294 553 2335 jaceret
585 2293 748 2335 placebat
778 2292 950 2336 aliquibus
984 2293 1043 2336 qm·
1082 2292 1326 2325 descendentes
1353 2292 1390 2324 in
1418 2303 1578 2334 campum
1604 2292 1810 2325 certationes

421 2338 495 2371 eius
513 2342 545 2371 et
562 2339 794 2372 contentiones
810 2339 1032 2382 spectabant:
1058 2339 1213 2371 meliores
1234 2348 1314 2370 vero
1336 2338 1374 2371 id
1399 2338 1687 2381 contemplantes,
1711 2339 1815 2371 mise-

421 2384 513 2417 ratio
533 2384 638 2417 subiit
657 2384 833 2417 avaritiae
858 2390 891 2418 et
920 2384 1122 2428 cupiditatis
1141 2382 1277 2428 gloriae
1299 2384 1427 2427 ipsius,
1460 2382 1519 2428 qui
1551 2394 1591 2416 ex
1616 2384 1815 2417 tenuissimo

421 2430 720 2472 opulentissimus,
755 2436 859 2474 atque
891 2442 930 2464 ca:
961 2430 1084 2463 humili
1100 2432 1222 2473 factus
1249 2431 1441 2471 maximus,
1473 2430 1608 2462 nullam
1630 2429 1816 2472 felicitatis

420 2480 551 2508 metam
571 2477 693 2516 sciret3
718 2487 827 2520 neque
853 2477 890 2509 in
911 2477 1036 2509 honore
1058 2487 1151 2517 esse,
1176 2481 1210 2510 et
1234 2476 1312 2518 frui
1329 2475 1567 2519 praesentibus
1583 2476 1816 2517 facultatibus

420 2526 510 2555 esset
535 2526 733 2561 contentus,
726 2533 735 2541 ·
763 2522 825 2555 sed
843 2523 943 2565 quasi
962 2522 1112 2555 omnium
1134 2533 1250 2556 rerum
1270 2532 1423 2565 egenus,
1447 2520 1484 2553 in
1504 2521 1762 2564 Cappadociam
1783 2526 1817 2555 et

420 2571 563 2611 pontum
584 2568 758 2601 Bucinum
780 2579 820 2600 ex
840 2569 1023 2612 triumphis
1045 2573 1078 2601 et
1095 2568 1213 2612 gloria
1230 2572 1384 2601 aetatem
1410 2567 1611 2610 deportaret
1636 2572 1710 2602 tam
1728 2578 1815 2621 grp-

421 2624 518 2652 vem,
544 2624 620 2646 cum
643 2613 860 2647 Mithridatis
878 2614 1029 2656 satrapis
1047 2614 1285 2647 dimicatum&
1333 2612 1442 2646 Marii
1466 2612 1654 2646 awanitiam
1678 2612 1818 2666 suggil-

421 2659 474 2692 lat
492 2659 703 2692 Plutarchus
727 2659 833 2693 etiam
858 2660 1011 2703 cap-113
1037 2664 1112 2693 tum
1138 2671 1215 2703 c-ap
1234 2659 1327 2693 XhV
1351 2659 1394 2691 (le
1413 2657 1530 2691 Mario
1554 2659 1725 2692 moriente
1748 2658 1816 2692 sic·

421 2716 531 2737 annos
549 2709 654 2739 natus
675 2704 769 2739 Lxx
782 2731 791 2747 ,
816 2705 875 2750 qui
894 2717 1030 2739 censum
1047 2717 1194 2750 opesque
1218 2705 1336 2738 multis
1354 2705 1563 2747 sufficientes
1579 2706 1721 2749 regibus
1736 2716 1817 2748 pos·

422 2750 582 2792 sirlcbat,
614 2755 742 2784 sortem
769 2752 1030 2785 lamentabatur
1057 2763 1174 2792 suam,
1209 2750 1308 2795 quasi
1336 2761 1468 2794 egenus
1490 2754 1524 2782 et
1542 2761 1665 2803 expers
1687 2762 1816 2790 eorum,

421 2807 511 2839 quae
541 2797 748 2840 appetebat,
783 2797 963 2831 decederet
982 2798 1177 2832 immotum
1226 2797 1323 2830 mem
1346 2796 1472 2829 vitium
1496 2795 1720 2849 peioremquo
1743 2795 1816 2830 exi—

421 2847 496 2875 tum
521 2846 645 2875 notant
667 2841 703 2875 in
729 2843 855 2877 Crasso
890 2843 1026 2877 iuniore
1048 2842 1230 2884 historici,
1264 2846 1298 2875 et
1321 2841 1489 2877 tullianus
1521 2840 1692 2888 interpres
1714 2852 1738 2878 fl
1759 2853 1817 2876 me

422 2888 536 2921 editus
561 2888 605 2922 ad
631 2898 682 2924 or.
709 2889 752 2922 de
775 2900 860 2933 rege
882 2890 972 2925 alex.
996 2900 1076 2933 cap.
1095 2890 1121 2923 1.
1146 2890 1182 2924 2.
1213 2887 1313 2923 MAI.
