1968 3346
459 738 1284 797 ADDENDA.

291 994 335 1032 P.
365 994 461 1036 491.
491 995 560 1035 72.
629 984 782 1045 αὖτοῦ]
830 990 1033 1030 Diodorus
1068 989 1179 1031 haud
1214 992 1334 1032 dubie
1367 996 1463 1044 τοῦ,
1505 994 1574 1033 sed

181 1047 309 1093 αὐτοῦ
339 1051 557 1101 scripserat
585 1049 822 1099 eclogariuS.

292 1109 336 1146 P.
368 1110 463 1150 496.
495 1110 562 1149 82.
620 1103 726 1157 ὑπὸ]
758 1106 1021 1144 Scribendum
1054 1103 1150 1148 α’πό.

294 1166 334 1205 P.
367 1169 461 1207 503.
493 1167 561 1205 83.
621 1165 716 1202 Post
745 1160 876 1205 ἀνεῖλε
910 1178 1008 1215 quae
1040 1171 1268 1215 sequuntur
1299 1178 1391 1203 cum
1423 1166 1575 1216 priori-

180 1222 256 1261 bus
279 1237 359 1261 non
385 1221 613 1260 cohaerent.
636 1244 694 1251 --
734 1224 800 1263 16.
832 1218 1043 1273 Καμικον]
1076 1223 1340 1260 scribendum
1374 1221 1573 1275 Καμικόν.

293 1281 336 1319 P.
369 1283 466 1322 507.
502 1282 568 1321 92.
628 1278 724 1316 Dele
756 1292 908 1316 comma
933 1287 1024 1330 post
1050 1276 1260 1331 σύμμαχοι.
1285 1302 1342 1308 —
1384 1285 1449 1321 16.
1483 1277 1575 1321 εἶπέ·

180 1340 303 1379 στειλε
309 1353 330 1377 ν
347 1333 535 1389 Ἀννίβας
555 1333 824 1386 τριηραρχον]
856 1337 977 1387 Atqui
1001 1338 1196 1375 Hannibal
1226 1338 1312 1390 ipse
1337 1353 1578 1394 τριηραρχος

180 1402 268 1433 erat
294 1393 559 1432 Adherbalis:
592 1393 836 1445 Polybiusl.
869 1398 936 1436 44.
970 1397 1008 1436 1,
1043 1391 1258 1446 Ἀννίβαν,
1301 1411 1344 1442 ος
1367 1391 1578 1447 ηνἈμίλ-

179 1468 258 1492 κου
293 1452 361 1503 μὲν
397 1447 507 1499 υἱός,
549 1466 791 1503 τριηραρχος
833 1450 873 1491 δὲ
903 1468 972 1491 και
1015 1453 1135 1501 φίλος
1160 1449 1253 1492 Ἀτά
1260 1454 1362 1504 ρβου
1401 1457 1575 1504 πρῶτος.

180 1509 315 1556 Quare
335 1508 591 1546 scribendum
613 1505 849 1548 ἀπέστειλαν
878 1505 1068 1560 Ἀννιβαν
1087 1508 1339 1561 τριήραρχον.
1390 1511 1502 1548 Dixit
1527 1513 1577 1552 de

179 1565 258 1604 hoc
288 1579 452 1606 munere
484 1564 891 1615 Schweighaeuserus
922 1566 971 1602 ad
1003 1567 1143 1616 Polyb.
1170 1567 1215 1606 Π.
1253 1572 1286 1608 1.
1319 1571 1359 1608 9.

295 1623 338 1662 P.
367 1626 463 1664 508.
495 1626 562 1664 35.
633 1621 825 1674 μακρῶν]
881 1622 994 1660 Haud
1029 1623 1148 1660 dubie
1188 1628 1341 1675 μικρῶν
1379 1625 1578 1676 corrigen-

181 1680 298 1728 dum,
331 1680 439 1730 quod
464 1679 616 1717 invenit
645 1678 713 1716 sed
737 1679 970 1730 repudiavit
992 1681 1290 1731 WesselingiuS.

297 1737 337 1773 Ρ-
371 1738 467 1777 510.
499 1738 567 1778 50.
627 1735 726 1790 πρὶν
748 1735 952 1789 πολέμου]
984 1739 1180 1789 Scymnus
1203 1751 1241 1776 v.
1269 1738 1366 1780 715.
1398 1738 1579 1786 κτίζουσι

179 1793 276 1847 πρὶν
303 1793 543 1840 Βυζαντίου.

293 1850 337 1888 Ρ.
371 1852 468 1891 511.
499 1853 567 1891 70.
599 1852 670 1892 89.
725 1844 947 1902 Ὀρισσών]
992 1847 1155 1901 Ὠρισία
1200 1851 1294 1889 urbs
1335 1866 1416 1889 non
1457 1853 1577 1903 longe

179 1907 275 1946 hine
296 1907 435 1945 dissita
457 1907 504 1945 ab
523 1905 728 1960 Stephano
746 1915 1013 1959 memoratur,
1039 1908 1109 1947 sed
1125 1908 1252 1946 forma
1275 1910 1435 1960 gentilis
1458 1910 1577 1962 longe

180 1966 352 2004 diversa.

295 2023 339 2060 P.
372 2022 469 2064 513.
503 2021 574 2064 59.
633 2017 893 2071 ἀνθρώπων]
924 2022 1065 2060 Nonne
1095 2017 1377 2071 ἆνθρωπίωνῖ

293 2079 335 2117 Ρ.
368 2081 464 2120 530.
494 2082 562 2120 27.
625 2078 833 2132 ἐνεβάλετο
863 2075 1045 2132 χάρακα]
1080 2081 1316 2132 Comparari
1343 2087 1480 2133 potest
1508 2076 1576 2122 τά·

181 2152 291 2191 φροι·
322 2136 479 2188 ἐνέβαλε
507 2137 714 2175 Plutarchi
743 2137 828 2176 vita
858 2137 1095 2176 Artaxerxis
1127 2152 1162 2176 c.
1188 2143 1226 2180 7.

294 2194 338 2231 P·
372 2195 468 2235 533-
502 2198 571 2236 40.
641 2196 890 2249 γυναικείαις
930 2196 1098 2244 θυσίαις
1143 2198 1452 2247 προςαυλοῦντα
1491 2194 1574 2234 Lo-

179 2250 349 2290 beckius
381 2250 420 2287 in
453 2250 619 2290 Dissert.
651 2252 701 2290 de
734 2253 921 2302 cotyttiis
954 2256 1076 2296 1828
1106 2267 1144 2305 p.
1168 2256 1208 2294 4.

296 2309 337 2347 Ρ.
369 2310 464 2350 538.
496 2309 534 2350 5.
592 2310 732 2348 Scribe
765 2310 991 2362 Μαρκίου,
1021 2316 1067 2348 ut
1097 2310 1301 2348 annotatio
1333 2308 1467 2350 docet.

295 2364 338 2402 P·
371 2367 466 2407 546-
496 2369 565 2409 28.
623 2367 824 2419 τέτευχεν]
857 2367 1002 2418 Aptius
1035 2374 1095 2406 est
1112 2367 1270 2419 ἔτυχεν.

295 2422 339 2460 Ρ.
371 2424 466 2464 550.
498 2426 566 2466 88.
622 2424 742 2463 Hunc
770 2425 904 2463 losum
935 2424 1079 2462 Suidas
1107 2438 1145 2464 v.
1167 2427 1457 2477 Συβαριτικαῖς
1483 2437 1575 2462 cum

182 2477 223 2516 hi
257 2479 546 2518 svarietatibus
577 2483 711 2521 affelt:
752 2480 939 2536 γάστριες
961 2503 1018 2510 —
1054 2480 1114 2523 ότι.
1145 2496 1219 2523 συι
1225 2483 1378 2532 ἔβαινεν
1410 2478 1574 2532 αὕτούς]

185 2533 287 2575 διότι
310 2536 519 2589 συνέβαινε
539 2534 706 2588 ναῦτοῖς
724 2562 783 2569 —
803 2539 861 2592 ἐν]
895 2556 961 2591 νηι
985 2561 1042 2567 --
1073 2547 1111 2579 et
1131 2540 1239 2591 quod
1261 2545 1469 2590 receptum
1492 2539 1576 2576 vel-

184 2595 261 2631 lem
293 2590 520 2649 ἇναγθῆναι
549 2597 698 2652 λέγεται
726 2619 783 2626 -
827 2594 918 2645 οὓς
957 2597 1090 2647 ἐρέτας
1129 2599 1239 2649 ἔχων.
1292 2597 1403 2635 Idem
1440 2609 1480 2633 v.
1507 2598 1575 2636 94.

185 2651 335 2688 omittit
361 2650 416 2691 ών
442 2648 566 2704 εἶναι,
598 2661 686 2693 tum
710 2655 889 2693 smibens
913 2651 1299 2708 αντιμνηστεύοντας
1322 2660 1362 2693 et
1381 2652 1577 2694 Κλεισθέ-

183 2724 282 2755 νους
304 2715 427 2761 θυγα
437 2707 531 2761 τρός
550 2726 624 2764 plo
647 2709 851 2766 γυναικός.

300 2767 340 2805 P
371 2769 467 2809 560.
498 2772 536 2810 2
595 2770 671 2808 Per
699 2769 809 2808 hunc
839 2770 972 2807 locum
1003 2769 1112 2821 apud
1143 2768 1305 2807 Suidam
1336 2782 1374 2808 v.
1411 2767 1578 2820 Τίμαιος

189 2837 226 2875 p-
254 2827 350 2866 472.
377 2823 452 2862 hae
482 2833 576 2865 sunt
605 2827 835 2867 varIetates:
868 2826 1050 2880 ἐλέγξας]
1081 2827 1277 2878 ἐξελέγξας
1368 2828 1408 2868 4.
1440 2821 1576 2873 τᾶλλα]
