1968 3346
535 228 960 274 FRAGMENTA
996 228 1308 284 1..V1.—x.,
1513 233 1596 274 187

211 345 308 388 VII.
337 345 582 388 Phoenices
605 343 741 386 annis
762 341 926 385 XLV.
1628 348 1682 388 10

210 402 326 444 VIII.
355 402 576 459 Aegyptii
598 401 731 443 annis
761 429 772 439 .
803 429 813 439 .

209 459 290 501 lX.
320 460 488 502 Milesii
507 459 642 523 annis
662 454 826 497 XVIII.

209 515 268 557 X.
299 516 430 557 Cares
451 515 586 557 annis
605 512 720 554 LXI.

210 572 290 613 XI.
320 572 477 614 Lesbii
498 571 633 614 annis
654 567 859 610 LXVIII.

210 628 309 671 XII.
341 630 586 672 Phocenses
612 642 747 668 annzs‘
761 623 952 667 XLIV
983 621 1236 687 (Syncellus
1258 637 1304 678 p.
1320 627 1415 667 239.
1436 622 1500 675 B„
1522 625 1597 667 ubi
1632 628 1685 671 15

427 685 597 726 codices
611 683 790 723 Parisini
811 683 899 723 duo
923 680 1151 729 Φωκιεῖςί.
1174 694 1209 720 e.
1238 681 1448 729 Φωκαεῖς,
1480 684 1601 736 quod

428 741 546 782 idem
566 738 841 781 reddendum
861 738 1050 780 Eusebio
1069 737 1141 778 hic
1165 743 1206 778 et
1226 736 1341 779 fibro
1362 739 1602 794 posterioli

206 853 330 896 XIII.
360 812 588 897 Sagiii
534 853 669 895 annis
701 884 712 895 .
745 883 754 893 .

207 911 328 952 XIV.
356 910 716 954 Lacedaemonii
737 909 871 951 annis
890 907 959 949 II.
990 904 1147 963 (Sync.
1169 921 1217 962 Ρ.
1240 912 1337 953 238.
1361 907 1429 963 C.)

207 967 306 1009 XV.
338 967 482 1011 Naxii
503 967 637 1008 annis
660 965 721 1008 X.
753 965 905 1020 (Sync
931 979 976 1020 Ρ.
1001 969 1098 1008 247.
1123 964 1172 1005 B.

208 1023 329 1065 XVI.
357 1024 638 1067 Eretrienses
661 1022 797 1065 annis
808 1012 933 1062 XV
961 1020 1117 1077 (Sync.
1150 1019 1347 1076 ibidem.)

209 1079 350 1123 XVII.
379 1080 634 1145 Aeginetae
667 1079 801 1121 annis
822 1076 885 1120 Χ
910 1093 1044 1134 usque
1065 1077 1128 1120 ad
1154 1076 1323 1120 Xelxis
1355 1078 1596 1122 transmis-
1626 1082 1684 1123 20

427 1138 612 1179 sionem.
645 1135 796 1192 (Sync.
826 1133 1025 1190 ibidem.)

321 1203 533 1248 Eusebius
563 1220 612 1263 Ρ.
638 1209 733 1250 168.
758 1218 790 1246 s.

844 1326 964 1370 XVI.

324 1426 384 1472 Τὸ
418 1431 669 1472 τελευταῖον
698 1426 801 1485 μετοῖ
843 1427 925 1484 τήν
954 1425 1155 1472 κάθοδον
1191 1429 1282 1471 τῶν
1303 1427 1603 1501 Ἡρακλειδῶν

203 1481 386 1540 Ἀργεῖοι
414 1486 489 1529 καὶ
517 1486 862 1541 Λακεδαιμόνιοι
891 1485 1132 1540 πέμποντες
1162 1485 1366 1536 ἀποικίας
1396 1485 1528 1536 ἄλλας
1557 1486 1601 1529 τέ

206 1558 330 1593 τινας
368 1542 536 1611 νήσους
575 1542 749 1586 ἔκτισαν
780 1543 855 1586 καὶ
893 1542 1053 1612 ταύτης
1092 1544 1168 1597 τῆς
1191 1540 1347 1612 νήσου
1387 1543 1600 1598 (C1eiae)

207 1598 582 1669 κατακτησάμενοι
621 1599 772 1649 πόλεις
807 1598 932 1649 τινάς
972 1598 1149 1667 ᾤκησαν
1186 1597 1234 1641 ἐν
1274 1597 1447 1649 αὐταῖς·
1499 1600 1601 1654 περὶ

208 1655 273 1698 ὠν
302 1673 355 1698 τα
384 1672 494 1699 κατα
524 1656 656 1711 μέρος
686 1656 733 1699 ἐν
761 1661 854 1706 τοῖς
884 1657 1012 1706 ἰδίοις
1050 1653 1229 1711 χρόνοις
1269 1654 1598 1711 ἀναγράψομεν.
1658 1667 1685 1710 5

318 1724 540 1765 Diodorus
566 1726 615 1764 V.
638 1730 706 1770 80.
750 1725 941 1781 Respicit
964 1725 1132 1766 librum
1155 1725 1599 1780 septin1un1.Te111-

207 1794 319 1836 pora
347 1780 512 1822 halum
546 1780 823 1822 col‹›nia1un1
856 1782 1053 1823 solibunt
1076 1780 1289 1837 Ephfflus
1323 1782 1445 1838 apud
1475 1782 1599 1825 Sua-

207 1836 371 1879 bonem
392 1836 451 1879 X.
479 1852 524 1894 Ρ.
548 1843 647 1884 737.
672 1840 744 1891 (J.⁷
776 1838 933 1879 Conon
960 1837 1224 1881 Narratione
1251 1839 1320 1882 47.

296 1985 371 2018 VII.
395 1985 450 2018 Ita
474 1988 508 2019 et
532 1985 772 2028 Hieronymus
795 1985 839 2020 ad
864 1996 993 2019 annum
1018 1987 1240 2020 MCLXXIV.
1278 1986 1377 2020 MAI.

297 2032 387 2065 VIII.
413 2031 464 2065 Ne
480 2033 571 2074 apud
591 2033 850 2075 Hieronymum
866 2033 1007 2075 quidem
1033 2033 1076 2066 ad
1103 2044 1234 2067 annum
1257 2033 1490 2068 MCCXXXII
1512 2033 1600 2067 scri-

205 2076 301 2111 bItur
324 2082 407 2120 quot
431 2079 532 2111 annis
555 2078 723 2122 Aegyptii
747 2079 837 2111 mari
862 2078 962 2120 potiti
985 2078 1063 2112 sint.
1096 2079 1194 2112 MAI.

297 2125 355 2160 IX.
389 2124 516 2159 Notum
540 2125 759 2158 numa—ranem
784 2125 922 2165 XVIII,>
946 2136 1016 2168 qua
1038 2130 1132 2158 caret
1157 2125 1263 2159 codex
1286 2135 1376 2160 arm.
1400 2125 1601 2169 supplemus

203 2169 285 2204 heic
307 2182 349 2203 ex
374 2171 594 2214 Hieronymo
617 2171 662 2204 ad
685 2181 816 2204 annum
840 2171 1091 2205 MGchxvlll.
1127 2172 1227 2206 MAI.

299 2218 344 2250 X.
368 2218 511 2251 Lacuna
526 2216 630 2251 estin
654 2217 770 2250 codice
785 2218 855 2250 hoc
877 2218 973 2259 Ioco,
998 2229 1062 2250 nec
1085 2217 1275 2262 quicquam
1300 2215 1474 2260 superfuit
1498 2215 1613 2260 prae-'

206 2264 261 2296 ter
283 2264 493 2296 vocabulum
518 2264 630 2296 annis.
673 2263 924 2306 Supplementa
947 2263 1159 2308 sumpsimus
1183 2275 1202 2297 e
1225 2264 1418 2307 posteriore
1440 2263 1533 2297 libro
1556 2263 1602 2297 ad

207 2318 336 2343 annum
363 2309 648 2343 MCCLXXXYI.
684 2310 779 2342 ΜΛΙ.

301 2355 359 2387 XI.
393 2355 484 2388 Nota
506 2355 679 2388 numerali
704 2359 802 2389 caret
831 2355 939 2388 codex
968 2366 1058 2390 arm.
1093 2366 1199 2400 quam
1223 2355 1424 2399 supplemus
1448 2367 1490 2390 ex
1512 2355 1602 2390 Hie-

206 2411 356 2444 ronymo
378 2401 421 2434 ad
446 2412 574 2434 annum
598 2402 847 2436 MccchIV.
879 2402 974 2434 MAI.

301 2447 393 2480 XIII.
419 2447 471 2480 Ne
494 2447 530 2479 in
553 2448 743 2490 posteriore
766 2448 906 2491 quidem
930 2448 1022 2482 libro
1047 2447 1090 2481 ad
1110 2458 1240 2481 annum
1258 2447 1600 2481 MCCCCLXXXVI.

206 2492 373 2527 scribitur
395 2504 559 2526 numerus
586 2505 778 2534 annorum,
804 2494 930 2537 quibus
954 2494 1068 2527 Samii
1092 2494 1205 2527 maria
1230 2498 1420 2527 tenuerunt.
1455 2495 1553 2528 MAI.

301 2539 390 2571 XIV.
425 2539 479 2572 lta
504 2539 608 2572 etiam
641 2539 677 2572 in
711 2540 900 2581 posteriore
931 2540 1024 2574 libro
1056 2540 1101 2574 ad
1133 2551 1262 2574 annum
1287 2541 1423 2574 MDIII.
1472 2541 1600 2573 Verum

206 2583 394 2629 syncellus
417 2585 538 2618 scrimt
563 2597 670 2619 annos
697 2587 773 2619 XII.
811 2586 910 2619 MAI.

301 2631 392 2664 ΧΠ.
419 2631 478 2664 Sic
503 2631 607 2665 etiam
633 2632 668 2664 in
693 2632 883 2675 posteriore
906 2631 998 2666 libro
1023 2632 1068 2666 ad
1093 2643 1224 2665 annum
1243 2632 1408 2665 MDXIV.
1445 2631 1491 2665 At
1508 2631 1601 2676 Syn-

207 2677 315 2710 cellus
338 2677 459 2710 scribit
482 2689 589 2710 anuos
618 2678 690 2712 ῙἸΙ.
725 2679 822 2712 MAI.

301 2724 407 2757 xvn.
441 2724 566 2756 Decem
599 2725 682 2757 anni
714 2725 912 2758 scribuntur
942 2724 1049 2758 etiam
1081 2724 1117 2757 in
1141 2722 1334 2765 posteriore
1358 2722 1448 2756 libro
1471 2722 1515 2756 ad
1539 2733 1601 2755 an-

209 2780 294 2803 num
309 2770 501 2803 MDXXXI
513 2794 522 2810 ‚
549 2772 583 2803 et
599 2780 621 2803 a
636 2770 815 2814 syncello.
847 2770 980 2804 Textus
999 2776 1114 2804 tamen
1130 2768 1339 2812 Hieronymi
1357 2769 1471 2802 editus
1494 2769 1602 2803 habet

211 2827 319 2849 annos
346 2816 379 2849 X
386 2817 423 2849 X.
450 2815 548 2848 MAI.
668 2817 819 2860 Xerxes]
845 2816 961 2849 Codex
985 2827 1074 2849 arm.
1099 2815 1178 2848 heic
1194 2815 1385 2849 Alexandri
1393 2826 1408 2857 ,⁶
1430 2814 1601 2850 sedidem

211 2860 250 2896 in
273 2862 469 2906 posteriore
490 2861 582 2896 libro
606 2863 748 2907 Xerxis,
775 2873 865 2907 quae
888 2873 974 2898 vera
997 2862 1099 2898 lectio
1123 2866 1184 2898 cst.
1222 2862 1321 2895 MAI.
