1968 3346
433 182 493 224 50
723 176 1024 220 EXCERPTA
1054 176 1251 218 PHOTII
1279 176 1330 218 L.
1360 175 1556 219 XXXIV.

439 295 560 348 λυμα
587 288 663 335 καὶ
692 287 1028 360 συστησαμένου
1063 287 1112 333 τό
1146 287 1299 341 ἔθνος,
1340 287 1456 343 πρός
1485 289 1533 332 δὲ
1560 287 1734 342 τούτοις
1762 306 1844 334 νο-

448 345 802 417 μοθετήσαντος
816 345 870 390 τά
908 345 1207 416 μισάνθρωπα
1245 345 1320 390 καὶ
1357 344 1597 401 παράνομα
1626 347 1715 404 ἔθη
1751 351 1845 398 τοῖς

361 408 418 453 55
441 405 698 455 Ἰουδαίοις,
747 401 878 454 αὐτὸς
915 403 962 446 δὲ
1002 401 1221 459 στυγήσας
1260 403 1340 460 τὴν
1368 405 1713 473 μισανθρωπίαν
1737 404 1847 447 πάν-

446 477 537 505 των
571 460 719 504 ἐθνων
759 458 1051 516 ἐφιλοτιμήθη
1091 463 1334 502 καταλῦσαι
1373 458 1425 502 w}
1455 457 1637 514 νόμιμα.
1678 459 1748 503 διὸ
1784 463 1847 514 τῷ

448 515 701 586 ἀγάλματι
703 521 784 561 τοῦ
813 518 990 560 κτίστου
1019 516 1094 559 καὶ
1116 520 1183 587 τῷ
1219 514 1430 586 vmcc‘3909
1462 520 1595 586 βωμῷ
1624 520 1704 559 τοῦ
1732 520 1848 560 θεοῦ

451 572 644 643 μεγάλην
671 590 730 616 υν
758 571 903 623 θύσας
929 570 980 615 τό
1010 588 1056 615 τε
1087 570 1194 627 αἷμα
1219 571 1454 643 προςέχεεν
1492 571 1642 623 αὐτοῖς
1680 574 1754 616 καὶ
1793 572 1847 616 τά

364 638 422 680 60
451 631 560 685 κρέα
592 629 807 681 σκευάσας
835 630 1068 682 προςέταξε
1095 632 1156 686 τῷ
1185 629 1264 685 μὲν
1293 627 1381 672 ἀπό
1411 628 1586 672 τούτων
1616 633 1741 699 ζωμῷ
1769 630 1848 680 τάς

449 688 571 742 ἱερὰς
608 686 757 730 αὐτῶν
794 688 977 755 βίβλους
1013 686 1089 728 καὶ
1115 674 1417 756 περιεχούσας
1454 685 1507 729 τά
1537 675 1743 757 μισόξενα
1772 684 1846 729 νό-

448 760 560 801 μιμα
587 744 884 814 καταρῤἅναι,
913 741 992 785 τὸν
1023 742 1069 785 δὲ
1100 740 1328 785 ἀθάνατον
1360 741 1619 813 λεγόμενον.
1631 741 1741 797 παρ’
1772 742 1847 786 αύ·

449 805 545 852 τοῖς
572 800 746 871 λύχνον
782 799 857 843 καὶ
897 796 1135 869 καιόμενον
1165 797 1450 849 ἀδιαλείπτως
1481 799 1527 842 ἐν
1556 803 1619 856 τῷ
1647 803 1743 859 ναῷ
1771 816 1846 843 κα-

338 904 342 906 .
449 856 682 928 τασβέσαι,
711 858 801 899 τῶν
829 870 875 898 τε
907 859 1064 926 κρεῶν
1082 853 1334 927 ἀναγκάσας
1361 844 1740 911 προςενέγκασθαι
1765 855 1846 899 τὸν

365 918 423 963 65
453 912 656 985 ἀρχιερέα
683 913 756 956 καὶ
784 915 892 964 τοὺς
928 911 1090 963 ἄλλους
1117 910 1373 964 Ἰουδαίους.
1414 916 1552 955 ταῦτα
1582 912 1636 969 δὴ
1668 912 1846 965 διεξιόν-

451 986 522 1021 τες
552 972 596 1014 οἱ
626 971 751 1026 φίλοι
779 968 859 1015 τὸν
882 966 1107 1025 Ἀντίοχον
1135 968 1416 1024 παρεκάλουν
1449 969 1637 1024 μάλιστα
1666 986 1744 1039 μεν
1774 968 1849 1025 ἄρ-

452 1029 535 1099 δην
564 1024 734 1070 ἀνελεῖν
763 1026 813 1071 vd
846 1025 999 1077 ε’θνος,
1038 1027 1075 1070 εί
1105 1026 1152 1069 δὲ
1186 1027 1281 1096 μή,
1327 1031 1573 1070 καταλῦσαι
1601 1025 1655 1069 τὰ
1683 1025 1849 1082 νόμιμα

452 1084 528 1127 καὶ
569 1083 900 1155 συναναγκάσαι
933 1084 1014 1153 τάς
1053 1082 1226 1155 ἀγωγας
1267 1082 1550 1153 μεταθέσθαι.
1595 1082 1620 1127 ὁ
1652 1083 1699 1126 δὲ
1729 1087 1850 1154 βασι-

366 1148 424 1188 70
452 1138 554 1191 λευς
582 1135 887 1211 μεγαλόψυχος
917 1139 981 1184 ὢν
1009 1141 1085 1183 καὶ
1113 1140 1163 1182 τό
1193 1136 1325 1211 ἦθος
1342 1139 1532 1211 ἥμερος,
1564 1138 1715 1195 λαβών
1725 1139 1850 1210 ὁμή-

452 1214 566 1254 ρους
602 1195 789 1241 ἀπέλυσε
818 1201 909 1240 τῶν
938 1195 1221 1266 ἐγκλημάτων
1249 1195 1355 1248 τούς
1383 1194 1642 1248 Ἰουδαίους,
1653 1195 1849 1265 φόρους

448 1270 496 1297 τε
524 1270 631 1306 τους
659 1252 974 1324 ὀφειλομένους
1000 1251 1277 1323 πραξάμενος
1306 1253 1380 1298 καὶ
1407 1254 1461 1298 τοὶ
1487 1255 1604 1310 τείχη
1633 1250 1848 1308 περιελων

449 1327 543 1355 των
570 1308 904 1382 Ἱεροσολύμων.
981 1314 1132 1353 Ταῦτα
1152 1308 1394 1383 Διόδωρος
1420 1311 1519 1365 περὶ
1547 1327 1638 1354 των
1666 1314 1848 1354 Μωσαί-

449 1384 547 1413 κων
575 1367 696 1417 ἐθων
724 1369 799 1412 καὶ
827 1368 1026 1436 νομίμων
1055 1365 1165 1410 ἀλλά
1193 1368 1268 1411 καὶ
1296 1370 1380 1411 τοῦ
1413 1384 1504 1411 των
1528 1366 1848 1437 Ιεροσολύμων

451 1426 634 1469 κτίστου
663 1424 1051 1497 καταψευσάμενος
1069 1425 1145 1467 καὶ
1173 1423 1310 1494 αυτῆς
1328 1428 1405 1480 τῆς
1435 1423 1479 1476 ἐξ
1499 1422 1732 1494 Αἰγύπτου
1757 1440 1848 1468 των

448 1479 679 1525 Ἰουδαίων
718 1479 897 1534 ἐξόδου,
941 1481 1017 1525 καὶ
1048 1479 1160 1551 πρὸς
1207 1480 1286 1524 τόν
1327 1481 1501 1537 ἔλεγχον
1532 1485 1613 1524 τοῦ
1649 1479 1848 1533 ψεύδους

453 1537 596 1593 ω’ςπερ
640 1536 783 1596 ἑαυτῷ
826 1536 876 1582 τὸ
914 1537 974 1594 μὴ
1022 1535 1157 1588 αὐτὸς
1196 1537 1366 1580 ἁλῶναι
1410 1537 1848 1594 διοικονομούμενος,

451 1594 617 1649 ἑτέροις
641 1583 890 1666 περιτίθησι
915 1593 1164 1665 προςώποις
1184 1593 1266 1650 τήν
1290 1593 1390 1649 περὶ
1411 1598 1498 1638 τῶν
1524 1595 1850 1665 διεψευσμένων
1961 1606 1968 1651 1:

453 1650 690 1724 ἀφήγησιν,
710 1651 790 1721 τὴν
804 1649 1031 1721 Ἀντιόχου
1051 1653 1207 1707 φιλίαν
1226 1650 1399 1702 τούτοις
1415 1650 1849 1722 προςεπισυνάπτων.
1940 1654 1942 1657 ’
1960 1654 1968 1712 ξι

392 1717 423 1758 2
552 1707 654 1752 ‘'On
680 1707 787 1764 μετὰ
815 1707 898 1764 τήν
918 1709 1238 1778 Καρχηδονίων
1264 1707 1510 1752 κατάλυσιν
1539 1709 1609 1752 ἐπὶ
1639 1708 1850 1778 ἑξήκοντα
1958 1700 1968 1768 4}

363 1775 421 1818 75
451 1765 563 1809 ε’τεσι
600 1769 691 1809 τῶν
727 1768 927 1808 Σικελων
965 1763 1248 1819 εὐροούντων
1285 1763 1333 1808 ἐν
1372 1769 1531 1818 πᾶσιν,
1577 1763 1603 1809 ὁ
1643 1764 1850 1816 δουλικὸς

449 1821 602 1872 αὐτοῖς
639 1820 848 1892 ἐπανέστη
884 1820 1073 1891 πόλεμος
1111 1820 1154 1874 ἐξ,
1192 1823 1332 1872 αἰτίας
1371 1819 1587 1878 τοιαύτης.
1624 1821 1694 1864 ἐπὶ
1729 1821 1848 1865 πολὺ

446 1883 540 1930 τοῖς
581 1878 694 1935 βίοις
735 1876 1067 1947 ἀναδραμόντες
1103 1895 1179 1921 και
1208 1878 1426 1933 μεγάλους
1455 1876 1849 1939 περιποιησάμενοι

446 1935 669 1986 πλούτους
698 1934 1002 2006 συνηγόραζον
1032 1935 1213 1978 οἰκετων
1243 1938 1432 1990 πλῆθος·
1475 1939 1542 1987 οἱς
1570 1936 1618 1979 ἐκ
1647 1939 1737 1978 τῶν
1766 1946 1848 1979 σω-

449 1993 785 2063 ματοτροφείων
836 1990 1052 2047 ἀγεληδὸν
1085 1990 1360 2061 ἀπαχθεῖσιν
1407 1990 1546 2043 εὐθύς
1589 1996 1847 2063 χαρακτῆρα

366 2063 421 2103 80
451 2049 689 2105 ἐπέβαλλον
716 2065 792 2092 και
820 2048 1001 2104 στιγμάς
1030 2052 1123 2099 τοῖς
1153 2046 1359 2119 σώμασιν.
1391 2049 1580 2104 ἐχρῶντο
1622 2050 1669 2093 δε
1701 2047 1847 2092 αὐτῶν

451 2111 543 2157 τοῖς
583 2106 664 2160 μὲν
699 2104 814 2156 νέοις
850 2110 1054 2161 νομεῦσι,
1093 2109 1186 2155 τοῖς
1223 2104 1268 2148 δ’
1306 2103 1456 2157 α’λλοις
1497 2105 1556 2156 ω’ς
1586 2120 1646 2162 πῃ
1678 2105 1845 2176 ἑκάστῳ

451 2161 479 2218 ἦ
509 2164 629 2218 χρεία
667 2161 885 2217 ἐπέβαλλε.
923 2162 1092 2234 βαρέως
1131 2160 1172 2205 δ’
1216 2159 1370 2213 αὐτοῖς
1407 2161 1519 2206 κατά
1550 2178 1596 2205 τε
1626 2162 1703 2212 τὰς
1735 2162 1841 2219 ὑπη-
1843 2182 1913 2218 525

452 2221 601 2289 ρεσίας
630 2219 843 2290 ἐχρωντο,
874 2220 948 2262 καὶ
977 2219 1216 2288 ἐπιμελείας
1244 2223 1467 2270 παντελῶς
1497 2218 1645 2276 ὀλίγης
1673 2217 1842 2290 ηξίουν,
1954 2223 1955 2226 ’

363 2287 421 2331 85
452 2276 535 2319 ὅσα
565 2291 610 2318 τε
636 2275 927 2344 ἐντρέφεσθαι
958 2277 1032 2319 καὶ
1062 2274 1145 2318 ὅσα
1175 2274 1459 2319 ἐνδύσασθαι.
1490 2276 1532 2327 ἐξ
1563 2292 1625 2318 ων
1655 2292 1698 2318 οι
1727 2277 1844 2319 πλεί-
1945 2307 1948 2344 μ

451 2348 530 2390 ους
560 2330 645 2375 ἀπὸ
675 2334 877 2389 λῃστείας
917 2331 966 2375 τὸ
997 2336 1074 2388 ζην
1103 2333 1380 2386 ἐπορίζοντο,
1420 2333 1495 2375 καὶ
1526 2330 1660 2387 μεστὰ
1689 2332 1847 2388 φόνων
1945 2337 1954 2398 ⁸¹

449 2391 505 2444 ἦν
545 2387 741 2441 ἅπαντα,
780 2388 980 2443 καθάπερ
1023 2387 1358 2443 στρατευμάτων
1397 2389 1726 2443 διεσπαρμένων
1757 2393 1847 2432 τῶν
1947 2404 1951 2450 1⁶

445 2449 633 2503 λῃστων.
665 2447 710 2489 οἱ
741 2445 787 2489 δὲ
824 2446 1057 2503 στρατηγοὶ
1086 2444 1274 2489 κωλύειν
1301 2446 1383 2501 μὲν
1411 2445 1688 2542 ἐπεχείρουν,
1718 2443 1848 2490 κολά-

441 2568 501 2604 54.
527 2568 590 2604 καὶ
613 2566 814 2626 παράνομα
836 2570 886 2613 Α,
914 2569 1044 2605 caeteri
1064 2565 1283 2624 παράνομα
1406 2569 1463 2605 55.
1490 2569 1669 2615 στυγήσας
1692 2569 1844 2604 Wetste-

440 2616 533 2650 nius:
557 2617 642 2650 libri
660 2616 842 2662 συστήσας
981 2616 1040 2650 60.
1069 2615 1208 2673 αυτιῦν]
1233 2610 1355 2651 αὐτοῦ
1370 2616 1400 2649 Α
1541 2618 1598 2651 62.
1623 2615 1842 2661 καιόμενον]

439 2663 624 2706 καόμενον
649 2664 679 2696 Β
803 2662 861 2697 6-1.
885 2660 1112 2707 ἀναγκάσας]
1139 2660 1345 2708 ἀναγκάσαι
1368 2664 1399 2696 Β
1524 2663 1582 2697 73,
1608 2682 1653 2688 --
1677 2662 1758 2696 542.
1780 2662 1842 2699 68.

436 2709 583 2789 PhotiBus
603 2721 639 2753 p.
657 2707 738 2743 384.
759 2719 782 2744 a
804 2709 863 2747 32.
885 2728 932 2736 —-·
954 2709 1035 2745 393.
1055 2720 1077 2743 a
1099 2709 1157 2746 31.
1271 2708 1330 2746 71.
1357 2707 1612 2756 εὐροούντων]
1634 2706 1842 2756 ειίῤῥοούν·

435 2767 510 2790 των

524 2800 605 2837 526.
629 2799 687 2836 86.
718 2798 836 2847 μεστοὶ
858 2801 890 2838 Β
914 2801 1024 2838 Amst.
1038 2826 1048 2846 ,
1071 2799 1200 2838 caeteri
1222 2798 1316 2848 μετὰ
