1968 3346
332 210 381 239 vl
636 192 719 236 EX
749 194 800 236 A.
830 193 958 236 MAll
988 192 1411 237 PRAEFATIONE.

339 306 624 357 lemmatibus
664 306 711 346 in
750 306 949 363 margine
985 306 1242 358 rubricatis,
1282 321 1476 364 cumque
1506 310 1730 359 asteriscis,

341 379 418 435 qui
459 377 527 420 vel
555 390 733 418 carmen
764 377 830 419 ve]
872 375 1105 419 oraculum
1134 376 1202 420 vel
1234 376 1352 419 aliud
1382 378 1568 435 quodvis
1598 389 1730 422 nota-

344 449 429 491 bile
469 446 636 506 passim
677 446 918 504 designant.
987 446 1254 504 splendidus
1292 463 1395 490 sane
1433 449 1731 506 palmarisque

345 519 454 562 olim
499 518 663 567 codex,
707 515 894 572 aulaque
934 516 1172 574 byzantina
1214 518 1520 576 dignissimus3
1572 535 1730 562 verum

345 590 464 632 idem
494 597 670 645 postea,
713 585 882 628 saeculo
918 588 1092 631 circiter
1121 589 1251 642 XIV,
1292 590 1376 632 alio
1408 605 1562 647 graeco
1593 592 1734 632 notis-

347 661 447 701 simi
480 657 728 715 argumenti
767 659 1114 716 superimposito
1147 661 1313 718 scripto
1351 661 1608 703 obscuratus
1647 662 1734 703 im-

350 730 620 788 peditusque
647 728 757 780 fuit,
787 727 905 770 foliis
934 731 1153 786 perversis
1176 731 1406 783 omnibus,
1435 732 1601 789 partim
1627 747 1734 774 vero

351 801 483 842 etiam
513 799 701 842 abiectis.
761 799 1166 849 Constantinianum,
1195 800 1231 842 si
1259 799 1325 842 fas
1356 801 1415 844 ita
1445 801 1594 859 loqui,
1627 804 1735 844 scri-

350 878 512 929 pturae
535 871 754 927 specimen
786 885 883 912 aere
912 885 1130 913 excusum
1157 871 1400 930 proposui,
1431 874 1597 929 partim
1629 874 1738 916 alte-

349 942 443 984 rius
469 940 624 998 scripti
644 940 740 982 velo
762 941 1029 998 superducto
1051 942 1217 999 partim
1247 942 1457 984 detracto.
1517 944 1738 1002 Equidem

351 1011 487 1054 simul
517 1026 564 1053 ac
593 1011 743 1068 primo
773 1012 826 1053 ad
855 1011 942 1053 hoc
969 1027 1184 1069 magnum
1213 1012 1426 1055 volumen
1456 1012 1634 1064 accessi,
1673 1011 1738 1053 id-

353 1097 442 1140 que
471 1080 586 1123 facili
616 1080 783 1125 intuitu
820 1083 1086 1140 rescriptum
1125 1085 1336 1140 cognovi,
1377 1098 1653 1140 quamquam
1689 1083 1736 1123 in

353 1153 441 1194 hoc
470 1151 632 1193 laboris
670 1169 829 1210 genere
866 1168 958 1196 non
996 1168 1096 1194 sum
1134 1161 1261 1211 tyro,
1305 1154 1596 1196 nihilominus
1631 1167 1740 1210 pro-

354 1238 541 1282 sperum
577 1224 644 1267 rei
683 1224 878 1276 exitum,
927 1238 1061 1280 quem
1102 1232 1256 1281 postea
1296 1241 1398 1268 sum
1439 1232 1618 1275 nactus,
1665 1223 1741 1264 vix

354 1295 541 1353 speravi.
599 1293 707 1336 Erat
737 1294 876 1345 enim,
917 1301 969 1335 ut
997 1294 1115 1346 dixi,
1152 1295 1380 1337 minutum
1409 1295 1629 1352 scriptum
1660 1293 1743 1334 sub

357 1366 443 1409 alio
474 1367 579 1407 item
609 1364 785 1405 minuto
817 1364 1048 1421 sepultum
1078 1372 1120 1407 et
1151 1365 1392 1417 obrutum3
1435 1365 1556 1422 quod
1592 1370 1747 1406 contra

358 1438 406 1480 in
426 1437 519 1479 aliis
540 1435 834 1494 palimpsestis
859 1442 945 1483 est,
977 1435 1055 1492 qui
1084 1436 1367 1492 grandiorem
1395 1435 1541 1478 multo
1573 1450 1620 1476 ac
1651 1448 1747 1490 spe-

361 1508 597 1550 ciosiorem
633 1505 902 1562 scripturam
949 1507 1033 1548 sub
1080 1507 1323 1549 minutiore
1362 1507 1528 1549 recenti
1575 1505 1747 1561 conspi-

361 1592 491 1621 cuam
521 1576 746 1618 exhibent.
805 1577 912 1633 Legi
951 1584 1099 1619 tamen
1128 1584 1310 1634 vagante
1339 1578 1472 1621 oculo
1513 1593 1561 1619 ac
1598 1577 1748 1618 studio

360 1649 542 1707 paginas
559 1647 755 1704 aliquot,
785 1647 926 1690 donec
947 1656 1113 1691 certam
1133 1649 1341 1692 notitiam
1362 1648 1511 1700 hausi,
1537 1655 1748 1704 excerpta

362 1719 639 1776 plerumque
675 1718 840 1760 inedita
879 1718 1198 1762 historicorum
1237 1733 1526 1761 summorum
1560 1717 1750 1775 Polybii,

364 1789 551 1835 Diodori
580 1789 730 1841 siculi,
759 1790 913 1832 Dionis
930 1790 1087 1844 Cassii,
1117 1790 1337 1848 Eumpii,
1369 1790 1650 1846 aliorumque
1675 1788 1754 1830 ali-

367 1868 502 1917 quot,
530 1860 577 1902 in
608 1860 760 1903 codice
782 1859 869 1905 hoc
897 1861 1124 1904 contineri.
1185 1861 1269 1903 Sed
1299 1876 1396 1904 ecce
1424 1876 1538 1904 nova
1566 1860 1648 1902 tibi
1676 1874 1757 1901 nec

369 1931 555 1973 minima
583 1931 649 1973 rei
685 1928 943 1973 difficultas:
989 1932 1149 1973 etenim
1187 1939 1334 1990 partes
1365 1933 1642 1975 diversorum
1676 1944 1756 1972 au-

368 2009 547 2043 ctorum
577 2014 650 2043 sus
680 2000 820 2056 deque
848 2001 894 2042 in
922 2000 1209 2059 palimpsesto
1231 2003 1486 2060 permixtae
1506 2008 1649 2044 erant:
1679 2015 1758 2041 au-

369 2079 548 2113 ctorum
570 2071 752 2112 nomina
775 2070 986 2126 titulique
1006 2071 1228 2114 librorum
1252 2088 1436 2130 perraro
1465 2072 1757 2129 apparebant3

372 2142 717 2199 quaternionum
748 2152 877 2183 notae
905 2141 1078 2193 nullae3
1106 2142 1252 2185 hiatus
1280 2143 1490 2185 orationis
1519 2140 1757 2191 innumeri,

371 2211 542 2269 partim
573 2211 779 2268 eclogarii
816 2211 1044 2264 instituto,
1083 2214 1250 2270 partim
1286 2213 1473 2256 obrutae
1511 2213 1760 2269 scripturae

376 2280 646 2325 difficultate.
703 2280 756 2323 In
800 2280 880 2323 hac
918 2289 1036 2324 tanta
1075 2284 1273 2341 rescripti
1313 2285 1655 2342 perturbatique
1683 2298 1761 2326 co-

377 2352 482 2393 dicis
530 2351 822 2404 obscuritate,
869 2353 951 2396 lux
992 2353 1180 2409 denique
1221 2354 1400 2411 insignis
1451 2356 1592 2399 menti
1639 2369 1762 2397 meae

376 2422 567 2475 affulsit,
605 2437 705 2464 cum
739 2422 850 2464 hanc
880 2439 970 2467 esse
1006 2432 1180 2481 partem
1211 2424 1356 2467 detexi
1385 2425 1637 2483 eclogarum
1666 2425 1765 2468 illa-

379 2508 510 2544 rum,
541 2507 648 2548 quas
679 2492 787 2535 olim
812 2493 1090 2537 Constantini
1116 2496 1493 2554 porphyrogeniti
1513 2497 1636 2538 iussu
1658 2491 1776 2538 con-9

380 2561 514 2605 sectas
552 2563 762 2615 sciebam,
814 2579 958 2621 neque
997 2565 1041 2607 id
1079 2566 1226 2608 solum
1271 2568 1513 2625 generatim
1552 2568 1768 2623 comperi,

385 2647 544 2676 verum
575 2634 710 2676 etiam
739 2642 888 2678 totum
919 2636 1038 2678 hunc
1068 2637 1262 2680 codicem
1291 2639 1424 2680 titulo
1459 2639 1515 2685 de
1543 2639 1769 2681 sententiis

388 2703 595 2760 occupari
625 2707 824 2761 cognovi.
872 2707 929 2748 Et
953 2708 988 2748 is
1018 2708 1199 2764 quidem
1220 2709 1375 2751 titulus
1396 2709 1531 2752 semel
1552 2710 1771 2751 iterumve

385 2772 547 2816 litteris
577 2776 715 2833 paulo
745 2777 1050 2834 grandioribus
1083 2786 1288 2822 exaratus
1320 2781 1522 2831 emicuit3
1558 2787 1656 2822 tum
1680 2794 1774 2837 pas·
