1968 3346
380 170 463 211 120
490 166 792 210 EXGERPTA
819 167 1106 211 VATICANA
1134 170 1182 212 L.
1203 170 1398 216 XXXIV.
1408 172 1666 219 -XXXVL

380 279 607 347 δημοσίων
636 277 794 347 τόλμῃ
814 279 888 322 καὶ
915 284 1090 331 πλεονες
1074 281 1139 338 εἴία
1174 280 1250 331 τὰς
1281 281 1488 337 ἐπαρχίας
1515 281 1768 341 ἀποῤῥίψας

380 334 652 378 ἐπεσπάσατο
675 334 795 390 παροὶ
819 340 908 379 τῶν
931 325 1298 404 ὑποταττομένων
1320 339 1493 381 δίκαιον
1515 345 1640 395 μῖσος
1657 343 1767 386 κατοὲ

380 396 457 446 τῆς
485 391 739 462 ἡγεμονίας,
776 397 867 443 τοῖς
907 393 952 435 δὲ
982 406 1264 448 στρατιωταις
1304 393 1377 438 δια
1408 412 1499 438 των
1536 396 1686 466 νόμων
1714 398 1768 442 τοὶ

382 452 459 504 τῆς
488 447 668 517 ἀρχαίας
699 446 871 519 αγωγῆς
902 447 1100 505 αὐστηρὰ
1116 451 1530 519 καταχαρισάμενος
1561 451 1771 524 απειθίμν

354 503 458 548 5καὶ
490 521 544 549 αι
548 507 703 560 αρχίαν
739 504 931 575 εἰςήγαγε
914 522 960 548 εν
989 508 1050 556 εἰς
1078 505 1157 561 τὴν
1186 509 1426 550 πολιτείαν·
1458 525 1550 552 των
1576 526 1662 565 γαρ
1694 528 1771 564 αρ-

380 559 550 629 χόντων
579 561 921 632 καταφρονήσας
951 563 1302 614 κατεξανίσταται
1309 570 1619 635 καινοτομῶν.
1651 566 1698 610 ἐκ
1723 568 1769 611 δὲ

379 616 552 660 τούτων
580 621 669 662 τῶν
698 618 817 662 ἐθῶν
847 617 1048 676 ὀλέθριος
1068 617 1231 677 ανομία
1250 620 1322 664 καὶ
1351 621 1518 675 πόλεως
1542 621 1769 681 ἀνατροπὴ

379 675 558 731 γίνεται.

494 743 606 784 ΧΙΠ.
651 741 751 785 ’Ὀτι
795 741 819 785 ὁ
860 743 1060 813 Γράκχος
1098 744 1168 788 ἐπὶ
1207 746 1394 788 τοσοῦτο
1412 746 1599 818 προέβη
1639 749 1771 792 δυνα-

325 799 525 848 1Οστείας
554 798 628 840 καὶ
632 798 836 866 ὕβρεως,
869 799 970 850 ὥςτε
999 806 1088 845 τῶν
1119 801 1261 872 ὄχλων
1291 800 1539 855 κρινάντων
1569 803 1770 859 ἐκβαλεῖν

378 853 459 897 τόν
484 852 720 898 Ὀκταῦιον
760 856 808 898 ἐκ
843 861 939 925 τῆς
953 857 1120 908 πόλεως
1159 857 1328 914 ἀφῆκεν
1368 856 1507 901 αὐτόν
1545 860 1679 903 εἰπων
1706 864 1771 920 τῷ

379 909 503 980 δήμῳ
544 909 656 954 διότι
686 911 851 982 ταύτην
886 911 1016 970 χάριν
1053 917 1210 959 δίδωσι
1248 917 1301 972 τῇ
1332 916 1463 971 μητρὶ
1491 930 1771 970 προεντετευ-

378 966 536 1038 γμένος
564 966 644 1010 ‘vn'
673 967 819 1023 αὐτῆς.

481 1023 582 1066 ”Οτι
619 1023 642 1067 ὁ
683 1026 924 1076 Ποπίλλιος
967 1025 1074 1082 μετὰ
1115 1028 1323 1081 δακρύων
1361 1025 1450 1071 ὑπὸ
1494 1044 1584 1071 των
1628 1028 1768 1100 όχλων

322 1080 670 1150 15προεπέμφθη
687 1081 1015 1153 ἐκβαλλόμενος
1046 1083 1092 1126 ἐκ
1115 1088 1190 1139 τῆς
1211 1083 1488 1134 πόλεως.οὐ
1510 1102 1594 1140 γαρ
1616 1085 1768 1157 ἠγνόει

375 1136 427 1180 τὸ
451 1140 621 1191 πλῆθος
650 1135 700 1180 τὸ
731 1142 806 1192 τῆς
826 1138 1028 1207 ἐκβολῆς
1037 1138 1215 1188 ἄδικον,
1247 1138 1356 1182 αλλα
1386 1139 1467 1196 τήν
1496 1158 1578 1185 κατ
1629 1142 1835 1188 αὐτόνΙΟΩ

376 1195 658 1265 δωροδοκίαν
684 1194 974 1252 δεκαζόμενον
1004 1193 1268 1254 απεστέρητο
1286 1213 1361 1253 της
1377 1199 1766 1257 μισοπονηρούσης

375 1251 636 1320 παρρησίας.

478 1306 576 1349 Ὀτι
616 1306 905 1349 ἑπτακαίδεκα
952 1308 1089 1363 φυλαὶ
1127 1307 1205 1352 τὸν
1244 1307 1388 1364 νόμον
1430 1307 1766 1380 ἀπεδοκίμαζον,

316 1359 505 1409 2Οόἱλλαι
546 1363 592 1405 δὲ
630 1362 813 1414 ταύταις
850 1365 944 1406 ίσαι
972 1363 1284 1433 παρεδέχοντο·
1328 1369 1404 1422 τῆς
1434 1365 1480 1409 δὲ’
1509 1365 1767 1412 ὀκτωκαιδε-

375 1417 511 1474 κοίτης
527 1419 906 1489 διαριθμουμένης
925 1423 1003 1475 μία
1021 1425 1172 1490 ψῆφος
1187 1419 1376 1478 ὑπερῆρε
1396 1438 1485 1465 των
1505 1423 1767 1478 κυρούντων

374 1475 454 1518 τὸν
478 1474 639 1544 νόμον.
688 1480 764 1533 τῆς
795 1476 841 1519 δὲ
870 1481 949 1521 τοῦ
980 1476 1123 1532 δήμου
1151 1480 1335 1533 κρίσεως
1357 1480 1424 1551 εις
1444 1479 1571 1521 οὕτω
1600 1497 1766 1550 μικραν

376 1532 463 1584 ῥοπ
468 1531 521 1588 ην
562 1532 895 1601 συγκλειομένης
928 1531 952 1576 ὁ
995 1537 1037 1577 Γ
1032 1550 1192 1589 ρακχος
1228 1534 1397 1591 ἠγωνία
1436 1552 1498 1585 ως
1533 1534 1644 1591 νπὲρ
1684 1541 1766 1581 τοῦ

373 1592 453 1645 ζῆν
481 1588 782 1645 κινδυνεύων,
821 1594 874 1648 τῇ
917 1589 963 1634 δὲ
999 1590 1230 1648 προςθήκῃ
1266 1595 1369 1648 μιᾶς
1396 1591 1572 1649 γνώμης
1607 1595 1768 1651 μαθών

512 1717 591 1751 120.
616 1715 650 1751 4.
684 1713 1038 1761 καταχαρισάμενος]
1068 1714 1424 1761 καταχωρησᾶμενος
1448 1718 1502 1754 ed.
1524 1719 1627 1753 Rom.

513 1765 601 1797 120.
618 1765 650 1798 6.
683 1762 929 1806 καινοτομῶν]
957 1777 1000 1797 an
1025 1763 1088 1798 καὶ
1111 1765 1187 1798 τῶν
1209 1762 1357 1808 νόμων.
1351 1766 1365 1788 ⁷

513 1810 675 1844 120.10.
704 1807 931 1864 κρινάντων]
960 1811 1087 1853 incipit
1114 1811 1245 1843 codicis
1269 1811 1406 1854 Ρ.152.

514 1856 674 1889 120.11.
704 1850 918 1898 Ὀκτάνιον]
943 1855 999 1890 Ita
1018 1857 1096 1890 cod.
1111 1853 1314 1892 Ὀκτάνιον
1335 1870 1412 1891 cum
1434 1868 1460 1892 v
1469 1881 1480 1901 ‚
1503 1869 1576 1892 non
1598 1856 1643 1904 β,
1667 1858 1765 1903 quod

418 1907 637 1945 postremum
663 1903 790 1936 Graeci
816 1904 978 1935 factitare
1004 1904 1132 1936 solent·
1160 1903 1261 1937 ΜΑῙ.

512 1946 674 1981 120.14
712 1946 892 1997 Πόπλιος]
921 1951 973 1981 Ita
998 1949 1076 1981 cod.
1102 1961 1168 1993 pro
1193 1946 1387 1988 Ποπίλιος.
1410 1948 1510 1982 MAI

511 1993 676 2028 12o.15.
708 1991 838 2049 ἠγνοει
861 1991 919 2050 τὸ]
944 1990 1113 2036 ἠγνοεῖτο
1140 1995 1194 2028 ed.
1217 1997 1318 2028 Rom.

512 2040 591 2072 120
620 2040 675 2073 16.
712 2037 782 2084 τὴν
805 2036 894 2073 κατ’
915 2039 1031 2075 αυτὸν
1055 2040 1306 2086 δωροδοκίαν]
1339 2039 1564 2075 scribendum
1595 2046 1684 2086 puto
1714 2040 1764 2086 τῇ

417 2095 487 2118 κατ
530 2081 652 2119 αὐτοῦ
676 2085 901 2132 δωροδοκία.

462 2196 542 2230 120
567 2196 601 2232 4.
637 2199 676 2234 c.
700 2199 854 2234 Gracchi
879 2198 935 2232 lex
956 2198 1131 2243 quaedam
1153 2197 1317 2233 militaris
1335 2196 1504 2233 recitatur
1526 2207 1549 2231 a
1567 2196 1762 2232 Plutarcho

370 2241 408 2276 in
431 2242 505 2276 eius
529 2242 602 2276 vita
626 2256 690 2288 cap
695 2247 763 2279 .V.
799 2245 897 2278 MAI.

463 2289 542 2323 120.
569 2290 624 2324 11.
666 2292 704 2324 G.
730 2291 883 2325 Gracchi
906 2290 985 2333 lege
1007 2300 1078 2323 non
1101 2290 1189 2323 urbe
1211 2289 1459 2323 excludebatur
1483 2287 1669 2332 Octavius,
1700 2287 1762 2321 secl

370 2335 486 2378 magis
472 2335 657 2378 mnitibus,
689 2341 729 2370 ut
752 2337 802 2371 ait
824 2336 1038 2370 Plutarchus
1070 2347 1145 2378 cap.
1167 2336 1240 2377 IV,
1273 2335 1333 2379 qui
1356 2333 1639 2369 intercessionem
1672 2346 1760 2378 quo-

370 2390 439 2424 que
462 2381 583 2414 matris
609 2383 854 2416 Gracchorum
879 2385 1063 2415 memorat.
1094 2382 1194 2415 MAL
1301 2402 1304 2405 Δ

487 2426 623 2461 20.15
661 2429 821 2471 Popilius
851 2428 912 2461 hic
936 2428 1070 2461 Laenas
1094 2432 1168 2468 est,
1203 2427 1283 2470 lege
1307 2427 1346 2460 C.
1371 2425 1523 2460 Gracchi
1555 2424 1760 2468 (Plutarch.

369 2472 437 2505 loc.
461 2472 538 2517 cit.)
563 2475 607 2506 ad
630 2475 832 2508 vertendum
856 2475 971 2507 solum
995 2477 1158 2514 coactus,
1192 2476 1377 2516 propterea
1400 2473 1492 2515 quod
1516 2471 1551 2504 in
1575 2471 1760 2505 consulatu

370 2518 504 2552 amicos
538 2520 781 2554 Gracchorum
821 2518 1002 2553 (lamnavis
1005 2522 1066 2552 s.et
1113 2518 1230 2553 Huius
1270 2518 1401 2560 expuls
1391 2530 1404 2552 ι
1448 2517 1606 2550 meminit
1637 2514 1760 2550 Cicero

369 2575 449 2597 cuin
476 2564 510 2597 in
535 2566 614 2598 aliis
638 2566 798 2609 scriptis,
830 2569 904 2599 tum
939 2566 982 2598 (16
1009 2576 1080 2608 rep.
1102 2566 1130 2598 Ι.
1164 2565 1198 2598 3.
1247 2565 1381 2597 Gellius
1414 2575 1499 2597 vero
1530 2563 1591 2596 lib.
1614 2563 1677 2597 XI.
1701 2562 1769 2596 13.’

370 2609 479 2643 etiam
503 2611 546 2643 de
568 2612 721 2645 Gracchi
746 2611 896 2655 quadam
922 2611 957 2643 in
981 2611 1158 2653 Popilium
1183 2610 1339 2644 oratione
1361 2610 1529 2652 loquitur.
1563 2609 1661 2641 MAI.

462 2656 540 2689 120.
566 2657 626 2693 23.
657 2659 747 2691 Heic
771 2659 873 2701 plane
897 2657 1015 2701 agitur
1039 2657 1081 2689 dc
1103 2658 1185 2701 lege
1206 2667 1276 2699 qua
1297 2656 1464 2688 Tiberius
1490 2655 1671 2688 Gracchus
1695 2653 1758 2687 tri—

369 2700 539 2735 bunatum
559 2703 709 2737 Octavio
727 2704 887 2747 collegae
904 2703 1091 2746 abrogavit
1110 2704 1221 2745 (plut
1240 2702 1276 2734 in
1295 2701 1374 2735 Tib.
1390 2701 1542 2734 Gracch.
1565 2711 1641 2743 cap.
1659 2699 1757 2743 XII.)

369 2746 487 2790 Quare
511 2759 579 2781 non
613 2750 748 2793 explico
780 2761 844 2782 cur
867 2748 1040 2783 Diodorus
1063 2759 1119 2783 res
1143 2746 1282 2782 'riberii
1305 2735 1386 2792 post
1406 2747 1488 2782 illas
1511 2746 1589 2780 Caii
1612 2746 1759 2781 collocet

369 2803 460 2836 quac
483 2795 691 2831 recentiores
715 2797 865 2830 fuerunt.
898 2795 998 2829 MAI
