1968 3346
434 181 519 225 152
568 175 868 223 EXCERP'PA
897 178 969 222 DE
999 177 1148 230 VIRT.
1178 173 1258 221 ΕΤ
1285 179 1401 223 VIT.
1429 180 1478 223 1..
1506 177 1702 229 XXXVI.

439 293 484 337 οἱ
521 289 617 334 νέοι
655 289 767 334 κατά
801 289 882 346 τὴν
920 289 1091 348 ἀγορὰν
1131 289 1331 346 ἐφόρουν
1362 290 1552 362 ἐσθῆτας
1591 292 1838 365 διαφόρους

439 364 520 406 μεν
547 351 643 399 ταῖς
672 347 966 403 μαλακότησι,
1006 350 1239 402 διαφανεῖς
1266 347 1313 392 δὲ
1339 347 1413 391 καὶ
1443 364 1555 392 κατα
1582 350 1662 406 τὴν
1692 353 1837 396 λεπτό-

439 419 549 476 τητα
578 409 672 455 ταῖς
700 406 972 459 γυναικείαις
1009 409 1329 475 παρεμφερεῖς.
1353 404 1428 447 καὶ
1464 404 1608 448 πάντα
1644 407 1697 450 τὰ
1725 408 1838 462 πρὸς

443 459 614 531 ἠδονην
652 461 727 505 καὶ
764 460 1024 530 ἀλαζονείαν
1058 459 1265 515 ὀλέθριον
1303 459 1527 531 ἀνήκοντα
1565 463 1840 518 παρασκευα-

390 522 418 565 5
449 517 606 574 ζὸμενα
645 516 754 573 ταχὺ
792 516 871 569 τοὶς
909 515 1082 561 τούτων
1121 516 1249 572 τιμάς
1285 519 1345 569 εἰς
1376 516 1560 561 άπιστον
1588 519 1840 577 ὑπερβολην

442 574 626 643 ἤγαγεν.
653 577 737 618 τοῦ
772 573 854 631 μὲν
888 573 973 630 γὰρ
1005 576 1134 619 οἴνου
1172 573 1221 617 τὸ
1263 574 1477 630 κεράμιον
1506 575 1709 645 ἐπωλεῖτο
1724 579 1840 645 δρα-

443 634 567 688 χμῶν
606 628 782 684 ἑκατόν,
821 634 909 673 τῶν
948 629 996 674 δὲ
1035 633 1272 674 Ποντικων
1308 632 1500 686 ταρίχων
1540 631 1589 676 τὸ
1629 632 1841 689 κεράμιον

446 691 656 758 δραχμῶν
687 687 1006 743 τετρακοσίων,
1037 703 1128 732 των
1157 687 1204 731 δὲ
1233 689 1454 755 μαγείρων
1483 688 1527 731 οί
1532 689 1842 758 διαφέροντες

447 743 766 799 ὀψαρτυτικαῖς
809 745 1102 814 φιλοτεχνίαις
1149 743 1376 788 ταλάντων
1423 743 1662 799 τεττάρων,
1710 749 1753 790 οἱ
1794 747 1843 791 δὲ

367 806 420 850 10
448 806 543 853 ταῖς
573 800 836 872 εὐμορφίαις
864 800 912 844 ἐκ
940 799 1203 854 παράκοιτοι
1226 804 1402 844 πολλῶν
1424 801 1662 846 ταλάντων.
1693 801 1842 860 ἀδιορ-

448 857 603 903 θώτου
645 856 691 902 6²
732 854 869 930 οὔσης
897 861 975 927 τῆς
1012 857 1080 901 ἐπὶ
1115 856 1166 901 τό
1201 855 1341 902 κακὸν
1373 856 1537 929 ὁρμῆς,
1575 821 1842 916 ἐπεβάλοντό

449 931 564 966 τινες
590 917 681 958 τῶν
708 913 785 965 τὰς
813 914 949 982 ἀρχάς
974 914 1313 985 λαμβανόντων
1322 914 1370 958 ἐν
1397 920 1491 966 ταῖς
1520 914 1744 972 ἐπαρχίαις
1771 933 1844 987 με-

449 973 708 1015 τατίθεσθαι
737 970 818 1015 τόν
837 975 914 1027 τῆς
936 970 1258 1041 προειρημένης
1287 968 1460 1041 ἀγωγῆς
1488 974 1640 1042 ζῆλον,
1670 974 1744 1016 καὶ
1762 973 1912 1022 τὸν61ο

368 1034 420 1079 15
451 1029 622 1073 ἓαυτων
647 1029 749 1084 βίον
768 1030 1006 1081 περίοπτον
1036 1027 1145 1072 ὄντα
1175 1027 1249 1072 διά
1251 1027 1347 1099 τὴν
1370 1028 1574 1080 ἐξουσίαν
1598 1026 1842 1086 ἀρχέτυπον

451 1087 511 1139 εἰς
540 1086 738 1158 μίμησιν
750 1083 923 1129 τιθέναι
951 1088 1042 1129 τῶν
1069 1088 1218 1129 καλῶν
1246 1083 1613 1140 ἐπιτηδευμάτων,

552 1140 651 1186 ’Ότι
674 1140 861 1194 Κόϊντος
879 1141 1158 1194 Σκαιουόλας
1186 1143 1392 1210 μεγίστην
1411 1142 1682 1212 είςηνέγκατο
1712 1153 1845 1186 σπου-

450 1197 535 1255 δὴν
563 1198 637 1242 διὰ
665 1202 784 1255 τῆς
770 1199 883 1250 ἰδίας
912 1198 1065 1256 ἀρετῆς
1094 1197 1430 1270 διορθωσασθαι
1468 1198 1549 1255 τὴν
1586 1198 1846 1269 φαυλότητα

365 1265 422 1311 20
451 1260 534 1299 τοῦ
566 1253 710 1311 ζήλου.
759 1255 1028 1326 ἐκπεμφθεὶς
1068 1272 1155 1312 γαρ
1197 1257 1257 1307 εἰς
1288 1254 1369 1313 τὴν
1404 1253 1553 1299 Ἀσίαν
1589 1255 1844 1327 στρατηγός,

443 1312 754 1384 ἐπιλεξάμενος
774 1312 851 1357 τὸν
873 1312 1055 1366 ἄριστον
1081 1329 1173 1356 των
1203 1314 1347 1369 φίλων
1372 1310 1630 1382 σύμβουλον
1650 1312 1846 1357 Κόϊντον

443 1367 655 1413 Ῥοτίλιον
683 1366 779 1425 μετ’
811 1368 950 1414 αὐτοῦ
980 1369 1220 1441 συνήδρευε
1253 1369 1574 1443 βουλευόμενος
1596 1370 1670 1413 καὶ
1701 1369 1846 1414 πάντα

448 1425 691 1470 διατάττων
719 1425 794 1469 καὶ
813 1428 980 1481 κρίνων
1008 1427 1061 1470 τὰ
1090 1425 1200 1471 κατὰ
1228 1443 1310 1483 την
1338 1425 1563 1497 ἐπαρχίαν.
1594 1443 1668 1470 και
1697 1431 1847 1470 πασαν

448 1498 531 1539 την
561 1481 805 1554 δαπάνην’
792 1482 980 1553 ε’κρινεν
992 1482 1040 1526 ἐκ
1069 1487 1144 1545 τῆς
1172 1485 1287 1534 ἰδίας
1316 1481 1470 1534 οὐσίας
1497 1488 1721 1527 ποιεῖσθαι
1750 1488 1845 1534 τοῖς

366 1547 422 1591 25
451 1556 496 1584 τε
519 1538 809 1611 συνεκδήμοις
829 1540 903 1584 καὶ
924 1537 1059 1597 αὐτῷ.
1091 1538 1182 1583 εἶτα
1209 1537 1418 1610 λιτότητι
1427 1540 1501 1584 καὶ
1529 1540 1714 1610 ἀφελεία
1735 1538 1846 1595 χριό-

449 1612 582 1653 μενος
610 1596 685 1640 καὶ
714 1595 903 1667 ἀκεραίῳ
933 1600 987 1654 τῇ
1017 1587 1276 1668 δικαιοσύνῃ
1298 1595 1379 1653 τήν
1402 1595 1613 1665 ἐπαρχίαν
1633 1594 1845 1666 ἀνέλαβεν

451 1653 500 1697 ἐκ
528 1655 617 1697 τῶν
645 1654 982 1726 προγεγονότων
1013 1652 1344 1710 ἀκληρημάτων.
1385 1655 1430 1697 οί
1457 1652 1542 1708 γάρ
1580 1651 1847 1724 προγεγονό-

451 1726 521 1762 τες
559 1709 670 1754 κατὰ
693 1711 774 1782 τήν
809 1709 956 1754 Ἀσίαν
972 1713 1295 1780 δημοσιῶναι,
1337 1726 1584 1761 κοινωνους
1619 1709 1846 1780 ἐσχηκότες

451 1765 558 1819 τούς
587 1767 634 1810 ἐν
647 1770 727 1837 τῇ
750 1765 904 1838 Ῥώμη)
933 1765 1012 1819 τὰς
1049 1769 1262 1837 δημοσίας
1280 1769 1467 1837 κρίσεις
1504 1766 1848 1821 διαδικάζοντας,

366 1832 423 1874 30
454 1821 751 1895 ἀνομημάτων
778 1823 1139 1895 ἐπεπληριόκεσαν
1157 1840 1248 1894 την
1275 1822 1500 1893 ἐπαρχίαν.

555 1880 655 1924 ’Ότι
682 1879 872 1932 Λεύκιος
910 1881 934 1926 6
966 1878 1247 1932 Σκαιουόλας
1283 1885 1377 1932 ταῖς
1414 1880 1503 1951 μὲν
1524 1881 1846 1934 δικαιοδοσίαις

451 1935 751 1994 ἀδιαφθόροις
787 1938 863 1982 καὶ
901 1936 1122 2008 ἀκριβέσι
1136 1935 1410 2007 χρησάμενος
1447 1935 1503 2009 ‘'‚v'
1532 1936 1673 1992 μόνον
1702 1935 1846 2008 πάσης

452 1996 752 2050 συκοφαντίας
786 1992 1005 2051 ἀπήλλαξε
1042 2011 1150 2046 τους
1188 1993 1300 2038 κατὰ
1337 1994 1418 2051 τὴν
1456 1994 1688 2064 ἐπαρχίαν,
1733 1992 1845 2037 ἀλλά

366 2063 422 2110 35
451 2052 527 2095 καὶ
555 2051 609 2095 τοὶ
638 2068 729 2094 των
758 2053 1045 2122 δημοσιωνῶν
1075 2050 1338 2122 ἀνομήματα
1377 2050 1679 2105 διωρθώσατο.
1737 2054 1848 2095 πᾶσι

452 2108 538 2165 γὰρ
567 2113 661 2159 τοῖς
688 2106 1004 2180 ηδικημένοις
1001 2106 1162 2166 ἀκριβῆ
1191 2108 1396 2177 κριτήρια
1426 2107 1737 2162 προστατεύων
1773 2123 1848 2161 κα

451 2166 661 2216 ταδίκους
698 2165 746 2210 ἐν
786 2165 949 2209 ἅπασιν
986 2165 1124 2209 ἐποίει
1161 2181 1270 2216 τους
1308 2164 1605 2220 δημοσιώνας,
1651 2164 1727 2208 καὶ
1767 2163 1850 2215 τάς

452 2221 532 2279 μὲν
561 2220 801 2291 ἀργυρικὰς
828 2224 1017 2290 βλάβας
1021 2227 1114 2274 τοῖς
1141 2220 1419 2292 ἠδικημένοις
1449 2221 1632 2264 ἐκτίνειν
1659 2219 1848 2277 ἠνάγκα-

454 2283 520 2332 ζε,
549 2295 602 2322 τα
632 2279 679 2323 δὲ
707 2278 927 2323 θανατικοὶ
956 2282 1047 2323 τῶν
1074 2279 1360 2347 ἐγκλημάτων
1393 2276 1518 2333 ηξίου
1549 2279 1733 2331 κρίσεως
1760 2283 1847 2321 θα-

367 2348 423 2392 40
453 2339 659 2406 νατικῆς.
693 2334 765 2379 ὅτε
788 2335 849 2406 δή
879 2335 958 2379 τὸν
987 2340 1242 2391 κορυφαῖον
1279 2333 1451 2378 τούτων
1486 2333 1749 2405 οἰκονόμον,
1787 2336 1848 2378 δι-

452 2391 585 2437 δόντα
614 2408 696 2450 μεν
722 2390 832 2447 ὑπὲρ
861 2397 936 2450 τῆς
968 2392 1220 2449 ἐλευθερίας
1244 2391 1385 2437 πολλοὶ
1413 2408 1613 2449 χρηματα
1644 2392 1718 2436 καὶ
1744 2402 1847 2448 συμ-

443 2517 478 2551 1.
501 2515 664 2572 ἐσθῆτας
687 2517 717 2551 V
856 2517 912 2553 lo.
937 2515 993 2563 ἐκ]
1018 2515 1209 2564 ἐκπρεπεῖς
1232 2516 1484 2563 wesselingius
1630 2516 1688 2551 11.
1711 2515 1842 2562 κακὸν]

444 2563 566 2599 malim
590 2561 720 2599 κάκιον

535 2619 998 2676 610.1“1.εἰρνέγκατόῐ7
1114 2621 1170 2657 24.
1197 2618 1301 2665 αὐτῷ
1323 2621 1353 2654 V
1489 2620 1546 2657 27.
1572 2617 1843 2666 ἀκληρημάτων

449 2666 722 2712 Wesscfinghm,
750 2664 1027 2712 ἀκληρωμάτων
1051 2669 1081 2702 V
1242 2668 1301 2703 28.
1327 2667 1565 2711 δημοσιωνας
1598 2668 1627 2701 V
1787 2667 1846 2701 29.

449 2694 750 2757 διαδικάζοντας]
785 2716 1101 2757 καταδικάζοντας
1123 2716 1173 2757 V,
1213 2713 1431 2756 δικάζοντας
1465 2714 1547 2747 Reiz.
1543 2714 1627 2747 kius
1787 2713 1844 2748 31,

443 2758 541 2795 Λευ]
547 2761 615 2805 ιος]
641 2763 703 2794 aut
730 2760 858 2797 Μὀύκ·
863 2774 902 2802 ος
925 2763 1110 2807 legandum
1136 2765 1198 2796 aut
1229 2773 1308 2799 cum
1332 2761 1414 2793 Wes
1417 2760 1565 2806 selingio
1591 2756 1752 2802 Κόιντος

443 2805 501 2841 36.
527 2806 806 2853 προστατειίων]
834 2808 902 2843 hoc
927 2820 1051 2844 vereor
1075 2812 1113 2843 ut
1137 2811 1232 2844 recte
1256 2808 1309 2843 sie
1331 2806 1468 2844 dicatur

1958 1098 1968 1142 6
