<?xml version="1.0" encoding="UTF-8"?>
<!DOCTYPE html PUBLIC "-//W3C//DTD XHTML 1.0 Transitional//EN"
    "http://www.w3.org/TR/xhtml1/DTD/xhtml1-transitional.dtd">
<html xmlns="http://www.w3.org/1999/xhtml" xml:lang="en" lang="en">
 <head>
  <title>
</title>
<meta http-equiv="Content-Type" content="text/html;charset=utf-8" />
  <meta name='ocr-system' content='tesseract 3.04.00' />
  <meta name='ocr-capabilities' content='ocr_page ocr_carea ocr_par ocr_line ocrx_word'/>
</head>
<body>
  <div class='ocr_page' id='page_1' title='image "./p2bibliothecahisto02dioduoft_0282.png"; bbox 0 0 1968 3346; ppageno 0'>
   <div class='ocr_carea' id='block_1_1' title="bbox 404 215 1505 262">
    <p class='ocr_par' dir='ltr' id='par_1_1' title="bbox 404 215 1505 262">
     <span class='ocr_line' id='line_1_1' title="bbox 404 215 1505 262; baseline -0.003 0"><span class='ocrx_word' id='word_1_1' title='bbox 404 224 433 262; x_wconf 80' lang='lat'><em>6</em></span> <span class='ocrx_word' id='word_1_2' title='bbox 630 215 931 259; x_wconf 84' lang='lat' dir='ltr'><strong>EXCERPTA</strong></span> <span class='ocrx_word' id='word_1_3' title='bbox 959 215 1247 258; x_wconf 83' lang='lat' dir='ltr'><strong>VATICANA</strong></span> <span class='ocrx_word' id='word_1_4' title='bbox 1275 215 1505 259; x_wconf 82' lang='lat' dir='ltr'><strong>L.V11.-</strong></span> 
     </span>
    </p>
   </div>
   <div class='ocr_carea' id='block_1_2' title="bbox 405 324 1790 440">
    <p class='ocr_par' dir='ltr' id='par_1_2' title="bbox 405 324 1790 440">
     <span class='ocr_line' id='line_1_2' title="bbox 407 324 1790 397; baseline 0.002 -25"><span class='ocrx_word' id='word_1_5' title='bbox 407 328 546 373; x_wconf 80' lang='grc' dir='ltr'><em>αὐτὸν</em></span> <span class='ocrx_word' id='word_1_6' title='bbox 581 327 716 397; x_wconf 80' lang='grc' dir='ltr'><em>μέρος</em></span> <span class='ocrx_word' id='word_1_7' title='bbox 751 325 863 378; x_wconf 82' lang='grc' dir='ltr'><em>ὅλως</em></span> <span class='ocrx_word' id='word_1_8' title='bbox 899 324 1203 383; x_wconf 78' lang='grc' dir='ltr'><strong><em>ἡμαρτηκότος</em></strong></span> <span class='ocrx_word' id='word_1_9' title='bbox 1234 325 1324 375; x_wconf 83' lang='grc' dir='ltr'><em>υπὸ</em></span> <span class='ocrx_word' id='word_1_10' title='bbox 1353 325 1633 384; x_wconf 79' lang='grc' dir='ltr'><em>ταύτομάτου</em></span> <span class='ocrx_word' id='word_1_11' title='bbox 1671 331 1790 387; x_wconf 88' lang='grc' dir='ltr'><em>διορ-</em></span> 
     </span>
     <span class='ocr_line' id='line_1_3' title="bbox 405 382 974 440; baseline -0.007 -10"><span class='ocrx_word' id='word_1_12' title='bbox 405 385 644 430; x_wconf 80' lang='grc' dir='ltr'><em>θώσασθαι</em></span> <span class='ocrx_word' id='word_1_13' title='bbox 666 383 748 440; x_wconf 80' lang='grc' dir='ltr'><em>τήν</em></span> <span class='ocrx_word' id='word_1_14' title='bbox 776 382 974 439; x_wconf 77' lang='grc' dir='ltr'><em>ἄγνοιαν.</em></span> 
     </span>
    </p>
   </div>
   <div class='ocr_carea' id='block_1_3' title="bbox 381 433 1795 638">
    <p class='ocr_par' dir='ltr' id='par_1_3' title="bbox 381 433 1795 622">
     <span class='ocr_line' id='line_1_4' title="bbox 521 433 1793 523; baseline 0.002 -28"><span class='ocrx_word' id='word_1_15' title='bbox 521 454 595 495; x_wconf 87' lang='lat' dir='ltr'><em>VI.</em></span> <span class='ocrx_word' id='word_1_16' title='bbox 641 450 745 495; x_wconf 75' lang='lat' dir='ltr'><em>‘&#39;On</em></span> <span class='ocrx_word' id='word_1_17' title='bbox 777 451 801 495; x_wconf 90' lang='lat'><em>6</em></span> <span class='ocrx_word' id='word_1_18' title='bbox 834 449 1055 505; x_wconf 82' lang='grc' dir='ltr'><em>Ῥωμύλος</em></span> <span class='ocrx_word' id='word_1_19' title='bbox 1091 451 1249 505; x_wconf 79' lang='grc' dir='ltr'><strong><em>κτίζων</em></strong></span> <span class='ocrx_word' id='word_1_20' title='bbox 1287 433 1369 522; x_wconf 74' lang='grc' dir='ltr'><em>τήν</em></span> <span class='ocrx_word' id='word_1_21' title='bbox 1401 451 1574 523; x_wconf 77' lang='grc' dir='ltr'><em>Ῥώμην</em></span> <span class='ocrx_word' id='word_1_22' title='bbox 1618 452 1793 509; x_wconf 90' lang='grc' dir='ltr'><em>τάφρον</em></span> 
     </span>
     <span class='ocr_line' id='line_1_5' title="bbox 408 506 1795 579; baseline 0 -26"><span class='ocrx_word' id='word_1_23' title='bbox 408 509 637 579; x_wconf 79' lang='grc' dir='ltr'><em>περιέβαλε</em></span> <span class='ocrx_word' id='word_1_24' title='bbox 667 512 730 564; x_wconf 73' lang='grc' dir='ltr'><em>τῷ</em></span> <span class='ocrx_word' id='word_1_25' title='bbox 754 509 962 565; x_wconf 78' lang='grc' dir='ltr'><strong><em>Παλατίῳ</em></strong></span> <span class='ocrx_word' id='word_1_26' title='bbox 991 506 1102 550; x_wconf 75' lang='grc' dir='ltr'><em>κατὰ</em></span> <span class='ocrx_word' id='word_1_27' title='bbox 1130 508 1349 578; x_wconf 87' lang='grc' dir='ltr'><em>σπουδήν,</em></span> <span class='ocrx_word' id='word_1_28' title='bbox 1381 508 1440 565; x_wconf 85' lang='grc' dir='ltr'><em>μή</em></span> <span class='ocrx_word' id='word_1_29' title='bbox 1465 526 1578 560; x_wconf 87' lang='grc' dir='ltr'><em>τινες</em></span> <span class='ocrx_word' id='word_1_30' title='bbox 1603 526 1693 553; x_wconf 88' lang='grc' dir='ltr'><em>των</em></span> <span class='ocrx_word' id='word_1_31' title='bbox 1721 526 1795 553; x_wconf 89' lang='grc' dir='ltr'><em>πε-</em></span> 
     </span>
     <span class='ocr_line' id='line_1_6' title="bbox 381 551 1794 638; baseline 0.001 -30"><span class='ocrx_word' id='word_1_32' title='bbox 381 568 592 638; x_wconf 69' lang='grc' dir='ltr'><em>ὄριοίκων</em></span> <span class='ocrx_word' id='word_1_33' title='bbox 618 552 909 634; x_wconf 79' lang='grc' dir='ltr'><em>ἐπιβάλωνται</em></span> <span class='ocrx_word' id='word_1_34' title='bbox 927 551 1116 607; x_wconf 80' lang='grc' dir='ltr'><strong><em>κωλύειν</em></strong></span> <span class='ocrx_word' id='word_1_35' title='bbox 1139 563 1279 607; x_wconf 80' lang='grc' dir='ltr'><em>αὐτοῦ</em></span> <span class='ocrx_word' id='word_1_36' title='bbox 1294 565 1381 634; x_wconf 80' lang='grc' dir='ltr'><em>τήν</em></span> <span class='ocrx_word' id='word_1_37' title='bbox 1402 567 1669 620; x_wconf 89' lang='grc' dir='ltr'><em>προαίρεσιν.</em></span> <span class='ocrx_word' id='word_1_38' title='bbox 1703 563 1728 609; x_wconf 87' lang='grc' dir='ltr'>ὁ</span> <span class='ocrx_word' id='word_1_39' title='bbox 1747 566 1794 610; x_wconf 80' lang='grc' dir='ltr'><em>δὲ</em></span> 
     </span>
    </p>
   </div>
   <div class='ocr_carea' id='block_1_4' title="bbox 356 620 1800 1369">
    <p class='ocr_par' dir='ltr' id='par_1_4' title="bbox 356 620 1799 1356">
     <span class='ocr_line' id='line_1_7' title="bbox 403 620 1794 691; baseline 0 -26"><span class='ocrx_word' id='word_1_40' title='bbox 403 622 552 678; x_wconf 81' lang='grc' dir='ltr'><em>Ῥὲμος</em></span> <span class='ocrx_word' id='word_1_41' title='bbox 582 622 754 691; x_wconf 80' lang='grc' dir='ltr'><em>βαρέως</em></span> <span class='ocrx_word' id='word_1_42' title='bbox 776 620 926 690; x_wconf 79' lang='grc' dir='ltr'><em>φέρων</em></span> <span class='ocrx_word' id='word_1_43' title='bbox 955 620 1026 664; x_wconf 85' lang='grc' dir='ltr'><em>ἐπὶ</em></span> <span class='ocrx_word' id='word_1_44' title='bbox 1054 623 1116 678; x_wconf 76' lang='grc' dir='ltr'><em>τῷ</em></span> <span class='ocrx_word' id='word_1_45' title='bbox 1147 621 1412 677; x_wconf 83' lang='grc' dir='ltr'><em>διεσφάλθαι</em></span> <span class='ocrx_word' id='word_1_46' title='bbox 1440 625 1531 665; x_wconf 75' lang='grc' dir='ltr'><em>τῶν</em></span> <span class='ocrx_word' id='word_1_47' title='bbox 1559 625 1794 676; x_wconf 80' lang='grc' dir='ltr'><em>πρωτείων,</em></span> 
     </span>
     <span class='ocr_line' id='line_1_8' title="bbox 409 665 1794 750; baseline 0 -28"><span class='ocrx_word' id='word_1_48' title='bbox 409 681 599 735; x_wconf 79' lang='grc' dir='ltr'><em>φθονῶν</em></span> <span class='ocrx_word' id='word_1_49' title='bbox 622 678 668 722; x_wconf 81' lang='grc' dir='ltr'><em>δὲ</em></span> <span class='ocrx_word' id='word_1_50' title='bbox 689 682 766 734; x_wconf 83' lang='grc' dir='ltr'><em>τῆς</em></span> <span class='ocrx_word' id='word_1_51' title='bbox 786 675 988 748; x_wconf 79' lang='grc' dir='ltr'><em>εὐτυχίας</em></span> <span class='ocrx_word' id='word_1_52' title='bbox 1004 680 1085 720; x_wconf 85' lang='grc' dir='ltr'><em>τοῦ</em></span> <span class='ocrx_word' id='word_1_53' title='bbox 1088 665 1316 747; x_wconf 82' lang='grc' dir='ltr'><em>ἀδελφοῦ,</em></span> <span class='ocrx_word' id='word_1_54' title='bbox 1347 677 1540 733; x_wconf 80' lang='grc' dir='ltr'><em>προςιων</em></span> <span class='ocrx_word' id='word_1_55' title='bbox 1560 684 1652 730; x_wconf 88' lang='grc' dir='ltr'><em>τοῖς</em></span> <span class='ocrx_word' id='word_1_56' title='bbox 1672 679 1794 750; x_wconf 79' lang='grc' dir='ltr'><em>ἐργα-</em></span> 
     </span>
     <span class='ocr_line' id='line_1_9' title="bbox 409 732 1797 806; baseline -0.001 -27"><span class='ocrx_word' id='word_1_57' title='bbox 409 734 606 790; x_wconf 82' lang='grc' dir='ltr'><em>ζομένοις</em></span> <span class='ocrx_word' id='word_1_58' title='bbox 635 732 920 806; x_wconf 78' lang='grc' dir='ltr'><em>ἐβλασφήμει·</em></span> <span class='ocrx_word' id='word_1_59' title='bbox 963 732 1219 806; x_wconf 86' lang='grc' dir='ltr'><em>άπεφήνατο</em></span> <span class='ocrx_word' id='word_1_60' title='bbox 1236 733 1343 803; x_wconf 75' lang='grc' dir='ltr'><em>γάρ</em></span> <span class='ocrx_word' id='word_1_61' title='bbox 1383 734 1537 790; x_wconf 85' lang='grc' dir='ltr'><em>στενὴν</em></span> <span class='ocrx_word' id='word_1_62' title='bbox 1576 740 1688 779; x_wconf 81' lang='grc' dir='ltr'><em>εἰναι</em></span> <span class='ocrx_word' id='word_1_63' title='bbox 1716 734 1797 792; x_wconf 76' lang='grc' dir='ltr'><em>τήν</em></span> 
     </span>
     <span class='ocr_line' id='line_1_10' title="bbox 409 789 1796 862; baseline 0 -27"><span class='ocrx_word' id='word_1_64' title='bbox 409 791 605 847; x_wconf 78' lang='grc' dir='ltr'><em>τάφρον,</em></span> <span class='ocrx_word' id='word_1_65' title='bbox 637 791 712 836; x_wconf 86' lang='grc' dir='ltr'><em>καὶ</em></span> <span class='ocrx_word' id='word_1_66' title='bbox 740 790 960 860; x_wconf 78' lang='grc' dir='ltr'><em>ἐπισφαλῆ</em></span> <span class='ocrx_word' id='word_1_67' title='bbox 989 790 1166 833; x_wconf 76' lang='grc' dir='ltr'><em>ἔσεσθαι</em></span> <span class='ocrx_word' id='word_1_68' title='bbox 1193 807 1286 860; x_wconf 90' lang='grc' dir='ltr'><em>την</em></span> <span class='ocrx_word' id='word_1_69' title='bbox 1304 789 1432 836; x_wconf 88' lang='grc' dir='ltr'><em>πόλιν</em></span> <span class='ocrx_word' id='word_1_70' title='bbox 1458 795 1548 834; x_wconf 78' lang='grc' dir='ltr'><em>τῶν</em></span> <span class='ocrx_word' id='word_1_71' title='bbox 1576 794 1796 862; x_wconf 88' lang='grc' dir='ltr'><em>πολεμίων</em></span> 
     </span>
     <span class='ocr_line' id='line_1_11' title="bbox 358 845 1797 918; baseline 0 -26"><span class='ocrx_word' id='word_1_72' title='bbox 358 850 575 906; x_wconf 75' lang='grc' dir='ltr'><em>Ῑοραδίως</em></span> <span class='ocrx_word' id='word_1_73' title='bbox 605 846 744 903; x_wconf 79' lang='grc' dir='ltr'><em>αὐτήν</em></span> <span class='ocrx_word' id='word_1_74' title='bbox 771 845 1146 903; x_wconf 80' lang='grc' dir='ltr'><em>ὑπερβαινόντων.</em></span> <span class='ocrx_word' id='word_1_75' title='bbox 1189 845 1213 891; x_wconf 88' lang='grc' dir='ltr'>ὁ</span> <span class='ocrx_word' id='word_1_76' title='bbox 1246 847 1292 891; x_wconf 82' lang='grc' dir='ltr'><em>δὲ</em></span> <span class='ocrx_word' id='word_1_77' title='bbox 1317 845 1540 918; x_wconf 82' lang='grc' dir='ltr'><em>Ῥωμύλος</em></span> <span class='ocrx_word' id='word_1_78' title='bbox 1571 847 1797 904; x_wconf 84' lang='grc' dir='ltr'><em>ὀργισάμε-</em></span> 
     </span>
     <span class='ocr_line' id='line_1_12' title="bbox 408 903 1797 975; baseline -0.001 -26"><span class='ocrx_word' id='word_1_79' title='bbox 408 922 488 956; x_wconf 87' lang='grc' dir='ltr'><em>νος</em></span> <span class='ocrx_word' id='word_1_80' title='bbox 526 905 610 960; x_wconf 89' lang='grc' dir='ltr'><em>ε’φη</em></span> <span class='ocrx_word' id='word_1_81' title='bbox 642 907 913 975; x_wconf 75' lang='grc' dir='ltr'><em>Παραγγελῶ</em></span> <span class='ocrx_word' id='word_1_82' title='bbox 947 907 1055 947; x_wconf 80' lang='grc' dir='ltr'><em>πᾶσι</em></span> <span class='ocrx_word' id='word_1_83' title='bbox 1083 908 1175 954; x_wconf 90' lang='grc' dir='ltr'><em>τοῖς</em></span> <span class='ocrx_word' id='word_1_84' title='bbox 1202 905 1399 955; x_wconf 81' lang='grc' dir='ltr'><em>πολίταις</em></span> <span class='ocrx_word' id='word_1_85' title='bbox 1430 903 1688 960; x_wconf 69' lang='grc' dir='ltr'><em>ἀμύνασθαι</em></span> <span class='ocrx_word' id='word_1_86' title='bbox 1717 905 1797 949; x_wconf 87' lang='grc' dir='ltr'><em>τὸν</em></span> 
     </span>
     <span class='ocr_line' id='line_1_13' title="bbox 408 959 1798 1032; baseline 0 -27"><span class='ocrx_word' id='word_1_87' title='bbox 408 961 696 1031; x_wconf 89' lang='grc' dir='ltr'><em>υπερβαίνειν</em></span> <span class='ocrx_word' id='word_1_88' title='bbox 725 960 1037 1030; x_wconf 84' lang='grc' dir='ltr'><em>ἐπιχειροῦντα.</em></span> <span class='ocrx_word' id='word_1_89' title='bbox 1065 959 1197 1004; x_wconf 89' lang='grc' dir='ltr'><em>πάλιν</em></span> <span class='ocrx_word' id='word_1_90' title='bbox 1227 960 1251 1004; x_wconf 91' lang='grc' dir='ltr'>ὁ</span> <span class='ocrx_word' id='word_1_91' title='bbox 1279 959 1425 1031; x_wconf 80' lang='grc' dir='ltr'><em>Ῥέμος</em></span> <span class='ocrx_word' id='word_1_92' title='bbox 1453 966 1545 1012; x_wconf 88' lang='grc' dir='ltr'><em>τοῖς</em></span> <span class='ocrx_word' id='word_1_93' title='bbox 1574 961 1798 1032; x_wconf 78' lang='grc' dir='ltr'><em>ἐργαζομέ-</em></span> 
     </span>
     <span class='ocr_line' id='line_1_14' title="bbox 408 1016 1796 1090; baseline 0 -28"><span class='ocrx_word' id='word_1_94' title='bbox 408 1035 504 1069; x_wconf 83' lang='grc' dir='ltr'><em>νοις</em></span> <span class='ocrx_word' id='word_1_95' title='bbox 534 1016 759 1070; x_wconf 78' lang='grc' dir='ltr'><em>ὀνειδίζων</em></span> <span class='ocrx_word' id='word_1_96' title='bbox 789 1018 872 1073; x_wconf 78' lang='grc' dir='ltr'><em>ἔφη</em></span> <span class='ocrx_word' id='word_1_97' title='bbox 892 1016 1063 1086; x_wconf 75' lang='grc' dir='ltr'><em>στενήν</em></span> <span class='ocrx_word' id='word_1_98' title='bbox 1106 1017 1446 1071; x_wconf 81' lang='grc' dir='ltr'><em>κατασκευάζειν</em></span> <span class='ocrx_word' id='word_1_99' title='bbox 1483 1018 1564 1074; x_wconf 74' lang='grc' dir='ltr'><em>τήν</em></span> <span class='ocrx_word' id='word_1_100' title='bbox 1597 1017 1796 1090; x_wconf 79' lang='grc' dir='ltr'><em>τάφρον·</em></span> 
     </span>
     <span class='ocr_line' id='line_1_15' title="bbox 409 1071 1799 1145; baseline -0.001 -26"><span class='ocrx_word' id='word_1_101' title='bbox 409 1073 595 1144; x_wconf 82' lang='grc' dir='ltr'><em>εὐχερως</em></span> <span class='ocrx_word' id='word_1_102' title='bbox 619 1073 703 1130; x_wconf 75' lang='grc' dir='ltr'><em>γὰρ</em></span> <span class='ocrx_word' id='word_1_103' title='bbox 733 1071 1060 1142; x_wconf 78' lang='grc' dir='ltr'><em>ὑπερβήσεσθαι</em></span> <span class='ocrx_word' id='word_1_104' title='bbox 1086 1090 1192 1125; x_wconf 87' lang='grc' dir='ltr'><em>τους</em></span> <span class='ocrx_word' id='word_1_105' title='bbox 1199 1076 1476 1144; x_wconf 88' lang='grc' dir='ltr'><em>πολεμίους·</em></span> <span class='ocrx_word' id='word_1_106' title='bbox 1506 1075 1582 1118; x_wconf 81' lang='grc' dir='ltr'><em>καὶ</em></span> <span class='ocrx_word' id='word_1_107' title='bbox 1608 1075 1692 1145; x_wconf 79' lang='grc' dir='ltr'><em>γάρ</em></span> <span class='ocrx_word' id='word_1_108' title='bbox 1723 1074 1799 1118; x_wconf 83' lang='grc' dir='ltr'><em>αὐ-</em></span> 
     </span>
     <span class='ocr_line' id='line_1_16' title="bbox 356 1128 1799 1202; baseline -0.001 -26"><span class='ocrx_word' id='word_1_109' title='bbox 356 1131 485 1182; x_wconf 87' lang='grc' dir='ltr'><em>15τὸς</em></span> <span class='ocrx_word' id='word_1_110' title='bbox 515 1132 676 1195; x_wconf 79' lang='grc' dir='ltr'><em>ῥαδίως</em></span> <span class='ocrx_word' id='word_1_111' title='bbox 715 1135 844 1174; x_wconf 82' lang='grc' dir='ltr'><em>τοῦτο</em></span> <span class='ocrx_word' id='word_1_112' title='bbox 875 1128 1046 1185; x_wconf 83' lang='grc' dir='ltr'><em>πράξει·</em></span> <span class='ocrx_word' id='word_1_113' title='bbox 1089 1131 1163 1174; x_wconf 84' lang='grc' dir='ltr'><em>καὶ</em></span> <span class='ocrx_word' id='word_1_114' title='bbox 1191 1129 1281 1201; x_wconf 79' lang='grc' dir='ltr'><em>ἅμα</em></span> <span class='ocrx_word' id='word_1_115' title='bbox 1309 1134 1447 1174; x_wconf 85' lang='grc' dir='ltr'><em>ταῦτα</em></span> <span class='ocrx_word' id='word_1_116' title='bbox 1476 1130 1630 1200; x_wconf 81' lang='grc' dir='ltr'><em>λέγων</em></span> <span class='ocrx_word' id='word_1_117' title='bbox 1631 1131 1799 1202; x_wconf 79' lang='grc' dir='ltr'><em>ὑπερή-</em></span> 
     </span>
     <span class='ocr_line' id='line_1_17' title="bbox 409 1183 1800 1257; baseline -0.001 -25"><span class='ocrx_word' id='word_1_118' title='bbox 409 1193 532 1233; x_wconf 82' lang='grc' dir='ltr'><em>λατο.</em></span> <span class='ocrx_word' id='word_1_119' title='bbox 561 1196 618 1243; x_wconf 74' lang='grc' dir='ltr'><em>ήν</em></span> <span class='ocrx_word' id='word_1_120' title='bbox 649 1187 696 1231; x_wconf 83' lang='grc' dir='ltr'><em>δέ</em></span> <span class='ocrx_word' id='word_1_121' title='bbox 724 1204 788 1239; x_wconf 89' lang='grc' dir='ltr'><em>τις</em></span> <span class='ocrx_word' id='word_1_122' title='bbox 818 1186 1020 1241; x_wconf 79' lang='grc' dir='ltr'><em>Κέλερος,</em></span> <span class='ocrx_word' id='word_1_123' title='bbox 1051 1183 1112 1238; x_wconf 82' lang='grc' dir='ltr'><em>εἷς</em></span> <span class='ocrx_word' id='word_1_124' title='bbox 1140 1191 1227 1230; x_wconf 81' lang='grc' dir='ltr'><em>τῶν</em></span> <span class='ocrx_word' id='word_1_125' title='bbox 1257 1187 1581 1257; x_wconf 78' lang='grc' dir='ltr'><em>ἐργαζομένων,</em></span> <span class='ocrx_word' id='word_1_126' title='bbox 1614 1186 1663 1239; x_wconf 82' lang='grc' dir='ltr'><em>ὃς</em></span> <span class='ocrx_word' id='word_1_127' title='bbox 1693 1187 1800 1232; x_wconf 83' lang='grc' dir='ltr'><em>ὑπο-</em></span> 
     </span>
     <span class='ocr_line' id='line_1_18' title="bbox 409 1243 1799 1314; baseline 0 -26"><span class='ocrx_word' id='word_1_128' title='bbox 409 1243 575 1314; x_wconf 88' lang='grc' dir='ltr'><em>λαβων</em></span> <span class='ocrx_word' id='word_1_129' title='bbox 580 1243 688 1299; x_wconf 81' lang='grc' dir='ltr'><em>Ἐγω</em></span> <span class='ocrx_word' id='word_1_130' title='bbox 722 1245 768 1287; x_wconf 78' lang='grc' dir='ltr'><em>δέ</em></span> <span class='ocrx_word' id='word_1_131' title='bbox 787 1255 924 1299; x_wconf 84' lang='grc' dir='ltr'><em>φησιν</em></span> <span class='ocrx_word' id='word_1_132' title='bbox 954 1243 1209 1298; x_wconf 74' lang='grc' dir='ltr'><em>ἀμυνοῦμαι</em></span> <span class='ocrx_word' id='word_1_133' title='bbox 1232 1243 1311 1286; x_wconf 85' lang='grc' dir='ltr'><em>τὸν</em></span> <span class='ocrx_word' id='word_1_134' title='bbox 1339 1243 1659 1314; x_wconf 79' lang='grc' dir='ltr'><em>ὑπερπηδωντα</em></span> <span class='ocrx_word' id='word_1_135' title='bbox 1687 1262 1799 1288; x_wconf 77' lang='grc' dir='ltr'><em>κατα</em></span> 
     </span>
     <span class='ocr_line' id='line_1_19' title="bbox 409 1299 1800 1369; baseline 0.001 -25"><span class='ocrx_word' id='word_1_136' title='bbox 409 1300 460 1345; x_wconf 84' lang='grc' dir='ltr'><em>τὸ</em></span> <span class='ocrx_word' id='word_1_137' title='bbox 491 1300 744 1355; x_wconf 84' lang='grc' dir='ltr'><em>πρόςταγμα</em></span> <span class='ocrx_word' id='word_1_138' title='bbox 773 1304 853 1343; x_wconf 84' lang='grc' dir='ltr'><em>τοῦ</em></span> <span class='ocrx_word' id='word_1_139' title='bbox 880 1299 1117 1369; x_wconf 77' lang='grc' dir='ltr'><em>βασιλέως,</em></span> <span class='ocrx_word' id='word_1_140' title='bbox 1151 1300 1225 1343; x_wconf 80' lang='grc' dir='ltr'><em>καὶ</em></span> <span class='ocrx_word' id='word_1_141' title='bbox 1255 1299 1343 1355; x_wconf 79' lang='grc' dir='ltr'><em>ἅμα</em></span> <span class='ocrx_word' id='word_1_142' title='bbox 1372 1304 1510 1343; x_wconf 85' lang='grc' dir='ltr'><em>ταῦτα</em></span> <span class='ocrx_word' id='word_1_143' title='bbox 1538 1300 1676 1356; x_wconf 79' lang='grc' dir='ltr'><em>λέγων</em></span> <span class='ocrx_word' id='word_1_144' title='bbox 1707 1300 1800 1345; x_wconf 84' lang='grc' dir='ltr'><em>άνέ·</em></span> 
     </span>
    </p>
   </div>
   <div class='ocr_carea' id='block_1_5' title="bbox 356 1355 1801 1472">
    <p class='ocr_par' dir='ltr' id='par_1_5' title="bbox 356 1355 1801 1472">
     <span class='ocr_line' id='line_1_20' title="bbox 410 1355 1801 1413; baseline 0.001 -13"><span class='ocrx_word' id='word_1_145' title='bbox 410 1373 520 1401; x_wconf 88' lang='grc' dir='ltr'><em>τεινε</em></span> <span class='ocrx_word' id='word_1_146' title='bbox 540 1357 589 1401; x_wconf 88' lang='grc' dir='ltr'><em>τὸ</em></span> <span class='ocrx_word' id='word_1_147' title='bbox 611 1361 824 1413; x_wconf 86' lang='grc' dir='ltr'><em>σκαφεῖον</em></span> <span class='ocrx_word' id='word_1_148' title='bbox 844 1357 918 1400; x_wconf 81' lang='grc' dir='ltr'><em>καὶ</em></span> <span class='ocrx_word' id='word_1_149' title='bbox 942 1356 1136 1409; x_wconf 78' lang='grc' dir='ltr'><em>πατάξας</em></span> <span class='ocrx_word' id='word_1_150' title='bbox 1154 1355 1234 1413; x_wconf 74' lang='grc' dir='ltr'><em>τὴν</em></span> <span class='ocrx_word' id='word_1_151' title='bbox 1256 1356 1454 1413; x_wconf 78' lang='grc' dir='ltr'><em>κεφαλὴν</em></span> <span class='ocrx_word' id='word_1_152' title='bbox 1479 1356 1702 1405; x_wconf 72' lang='grc' dir='ltr'><em>ἀπέκτεινε</em></span> <span class='ocrx_word' id='word_1_153' title='bbox 1722 1357 1801 1402; x_wconf 83' lang='grc' dir='ltr'><em>τόν</em></span> 
     </span>
     <span class='ocr_line' id='line_1_21' title="bbox 356 1413 575 1472; baseline -0.014 -12"><span class='ocrx_word' id='word_1_154' title='bbox 356 1413 575 1472; x_wconf 81' lang='grc' dir='ltr'><em>2οΡἐμον.</em></span> 
     </span>
    </p>
   </div>
   <div class='ocr_carea' id='block_1_6' title="bbox 412 1478 1800 1607">
    <p class='ocr_par' dir='ltr' id='par_1_6' title="bbox 412 1478 1800 1594">
     <span class='ocr_line' id='line_1_22' title="bbox 526 1478 1800 1539; baseline 0.002 -15"><span class='ocrx_word' id='word_1_155' title='bbox 526 1479 759 1524; x_wconf 72' lang='lat' dir='ltr'><em>V11.‘&#39;0n</em></span> <span class='ocrx_word' id='word_1_156' title='bbox 788 1496 878 1523; x_wconf 89' lang='grc' dir='ltr'><em>των</em></span> <span class='ocrx_word' id='word_1_157' title='bbox 906 1496 1058 1524; x_wconf 82' lang='grc' dir='ltr'><em>κυνων</em></span> <span class='ocrx_word' id='word_1_158' title='bbox 1095 1478 1361 1535; x_wconf 80' lang='grc' dir='ltr'><em>ωρυομένων</em></span> <span class='ocrx_word' id='word_1_159' title='bbox 1396 1481 1471 1525; x_wconf 79' lang='grc' dir='ltr'><em>καὶ</em></span> <span class='ocrx_word' id='word_1_160' title='bbox 1507 1485 1597 1524; x_wconf 79' lang='grc' dir='ltr'><em>τῶν</em></span> <span class='ocrx_word' id='word_1_161' title='bbox 1627 1485 1800 1539; x_wconf 82' lang='grc' dir='ltr'><em>Μεσση-</em></span> 
     </span>
     <span class='ocr_line' id='line_1_23' title="bbox 412 1536 1800 1607; baseline -0.001 -24"><span class='ocrx_word' id='word_1_162' title='bbox 412 1540 525 1583; x_wconf 91' lang='grc' dir='ltr'><em>νίων</em></span> <span class='ocrx_word' id='word_1_163' title='bbox 555 1536 878 1590; x_wconf 79' lang='grc' dir='ltr'><em>άπελπιζόντων</em></span> <span class='ocrx_word' id='word_1_164' title='bbox 907 1536 1165 1590; x_wconf 78' lang='grc' dir='ltr'><em>προςελθών</em></span> <span class='ocrx_word' id='word_1_165' title='bbox 1191 1553 1256 1588; x_wconf 85' lang='grc' dir='ltr'><em>τις</em></span> <span class='ocrx_word' id='word_1_166' title='bbox 1283 1542 1374 1580; x_wconf 79' lang='grc' dir='ltr'><em>τῶν</em></span> <span class='ocrx_word' id='word_1_167' title='bbox 1398 1537 1702 1607; x_wconf 83' lang='grc' dir='ltr'><em>πρεσβυτέρων</em></span> <span class='ocrx_word' id='word_1_168' title='bbox 1722 1554 1800 1582; x_wconf 91' lang='grc' dir='ltr'><em>πα-</em></span> 
     </span>
    </p>
   </div>
   <div class='ocr_carea' id='block_1_7' title="bbox 358 1592 1804 1877">
    <p class='ocr_par' dir='ltr' id='par_1_7' title="bbox 358 1592 1804 1877">
     <span class='ocr_line' id='line_1_24' title="bbox 413 1592 1800 1665; baseline 0 -26"><span class='ocrx_word' id='word_1_169' title='bbox 413 1595 584 1649; x_wconf 84' lang='grc' dir='ltr'><em>ρεκάλει</em></span> <span class='ocrx_word' id='word_1_170' title='bbox 605 1611 659 1638; x_wconf 92' lang='grc' dir='ltr'><em>τα</em></span> <span class='ocrx_word' id='word_1_171' title='bbox 688 1593 834 1665; x_wconf 82' lang='grc' dir='ltr'><em>πλήθη</em></span> <span class='ocrx_word' id='word_1_172' title='bbox 864 1593 922 1649; x_wconf 79' lang='grc' dir='ltr'><em>μὴ</em></span> <span class='ocrx_word' id='word_1_173' title='bbox 945 1592 1166 1649; x_wconf 83' lang='grc' dir='ltr'><em>προςέχειν</em></span> <span class='ocrx_word' id='word_1_174' title='bbox 1186 1599 1279 1644; x_wconf 89' lang='grc' dir='ltr'><em>τοῖς</em></span> <span class='ocrx_word' id='word_1_175' title='bbox 1285 1593 1482 1664; x_wconf 90' lang='grc' dir='ltr'><em>μάντεσι</em></span> <span class='ocrx_word' id='word_1_176' title='bbox 1508 1593 1800 1649; x_wconf 83' lang='grc' dir='ltr'><em>σχεδιάζουσι·</em></span> 
     </span>
     <span class='ocr_line' id='line_1_25' title="bbox 414 1648 1804 1720; baseline 0.002 -27"><span class='ocrx_word' id='word_1_177' title='bbox 414 1653 488 1695; x_wconf 78' lang='grc' dir='ltr'><em>και</em></span> <span class='ocrx_word' id='word_1_178' title='bbox 516 1650 601 1706; x_wconf 75' lang='grc' dir='ltr'><em>γάρ</em></span> <span class='ocrx_word' id='word_1_179' title='bbox 631 1651 706 1695; x_wconf 80' lang='grc' dir='ltr'><em>καὶ</em></span> <span class='ocrx_word' id='word_1_180' title='bbox 736 1650 803 1693; x_wconf 87' lang='grc' dir='ltr'><em>ἐπὶ</em></span> <span class='ocrx_word' id='word_1_181' title='bbox 826 1654 915 1693; x_wconf 79' lang='grc' dir='ltr'><em>τῶν</em></span> <span class='ocrx_word' id='word_1_182' title='bbox 945 1652 1070 1693; x_wconf 81' lang='grc' dir='ltr'><em>ἰδίων</em></span> <span class='ocrx_word' id='word_1_183' title='bbox 1082 1651 1210 1720; x_wconf 90' lang='grc' dir='ltr'><em>βίων</em></span> <span class='ocrx_word' id='word_1_184' title='bbox 1240 1648 1403 1701; x_wconf 78' lang='grc' dir='ltr'><em>αὐτοὺς</em></span> <span class='ocrx_word' id='word_1_185' title='bbox 1428 1653 1645 1703; x_wconf 87' lang='grc' dir='ltr'><em>πλείστοις</em></span> <span class='ocrx_word' id='word_1_186' title='bbox 1667 1650 1804 1707; x_wconf 76' lang='grc' dir='ltr'><em>ἆμαρ-</em></span> 
     </span>
     <span class='ocr_line' id='line_1_26' title="bbox 358 1705 1802 1777; baseline 0.001 -25"><span class='ocrx_word' id='word_1_187' title='bbox 358 1709 574 1764; x_wconf 78' lang='grc' dir='ltr'><em>25τήμασι</em></span> <span class='ocrx_word' id='word_1_188' title='bbox 607 1709 901 1762; x_wconf 87' lang='grc' dir='ltr'><em>περιπίπτειν,</em></span> <span class='ocrx_word' id='word_1_189' title='bbox 944 1705 999 1758; x_wconf 81' lang='grc' dir='ltr'><em>ὡς</em></span> <span class='ocrx_word' id='word_1_190' title='bbox 1022 1705 1097 1765; x_wconf 84' lang='grc' dir='ltr'><em>μὴ</em></span> <span class='ocrx_word' id='word_1_191' title='bbox 1136 1707 1412 1777; x_wconf 79' lang='grc' dir='ltr'><em>δυναμένους</em></span> <span class='ocrx_word' id='word_1_192' title='bbox 1452 1708 1714 1760; x_wconf 82' lang='grc' dir='ltr'><em>προϊδέσθαι</em></span> <span class='ocrx_word' id='word_1_193' title='bbox 1752 1709 1802 1753; x_wconf 87' lang='grc' dir='ltr'><em>τὸ</em></span> 
     </span>
     <span class='ocr_line' id='line_1_27' title="bbox 413 1763 1804 1834; baseline 0 -26"><span class='ocrx_word' id='word_1_194' title='bbox 413 1767 595 1834; x_wconf 81' lang='grc' dir='ltr'><em>μέλλον,</em></span> <span class='ocrx_word' id='word_1_195' title='bbox 638 1764 713 1808; x_wconf 77' lang='grc' dir='ltr'><em>καὶ</em></span> <span class='ocrx_word' id='word_1_196' title='bbox 751 1767 836 1806; x_wconf 82' lang='grc' dir='ltr'><em>νῦν</em></span> <span class='ocrx_word' id='word_1_197' title='bbox 865 1778 973 1833; x_wconf 89' lang='grc' dir='ltr'><em>υπερ</em></span> <span class='ocrx_word' id='word_1_198' title='bbox 1006 1766 1069 1806; x_wconf 82' lang='grc' dir='ltr'><em>ὡν</em></span> <span class='ocrx_word' id='word_1_199' title='bbox 1099 1763 1215 1814; x_wconf 82' lang='grc' dir='ltr'><em>εἰκὸς</em></span> <span class='ocrx_word' id='word_1_200' title='bbox 1244 1763 1410 1818; x_wconf 86' lang='grc' dir='ltr'><em>μόνους</em></span> <span class='ocrx_word' id='word_1_201' title='bbox 1438 1764 1541 1814; x_wconf 81' lang='grc' dir='ltr'><em>τούς</em></span> <span class='ocrx_word' id='word_1_202' title='bbox 1570 1765 1703 1816; x_wconf 80' lang='grc' dir='ltr'><em>θεούς</em></span> <span class='ocrx_word' id='word_1_203' title='bbox 1730 1782 1804 1821; x_wconf 81' lang='grc' dir='ltr'><em>γι-</em></span> 
     </span>
     <span class='ocr_line' id='line_1_28' title="bbox 412 1818 1803 1877; baseline 0 -12"><span class='ocrx_word' id='word_1_204' title='bbox 412 1820 600 1865; x_wconf 76' lang='grc' dir='ltr'><em>νώσκειν</em></span> <span class='ocrx_word' id='word_1_205' title='bbox 631 1819 855 1864; x_wconf 76' lang='grc' dir='ltr'><em>ἀδύνατον</em></span> <span class='ocrx_word' id='word_1_206' title='bbox 891 1818 1161 1874; x_wconf 75' lang='grc' dir='ltr'><em>ἀνθρώπους</em></span> <span class='ocrx_word' id='word_1_207' title='bbox 1191 1820 1322 1871; x_wconf 85' lang='grc' dir='ltr'><em>ὄντας</em></span> <span class='ocrx_word' id='word_1_208' title='bbox 1352 1821 1621 1865; x_wconf 87' lang='grc' dir='ltr'><em>ἐπίστασθαι.</em></span> <span class='ocrx_word' id='word_1_209' title='bbox 1671 1837 1803 1877; x_wconf 87' lang='grc' dir='ltr'><em>παρε-</em></span> 
     </span>
    </p>
   </div>
   <div class='ocr_carea' id='block_1_8' title="bbox 411 1874 1802 1934">
    <p class='ocr_par' dir='ltr' id='par_1_8' title="bbox 411 1874 1802 1934">
     <span class='ocr_line' id='line_1_29' title="bbox 411 1874 1802 1934; baseline 0.001 -12"><span class='ocrx_word' id='word_1_210' title='bbox 411 1875 610 1925; x_wconf 81' lang='grc' dir='ltr'><em>κελεύετο</em></span> <span class='ocrx_word' id='word_1_211' title='bbox 643 1879 726 1921; x_wconf 84' lang='grc' dir='ltr'><em>οὐν</em></span> <span class='ocrx_word' id='word_1_212' title='bbox 756 1876 942 1933; x_wconf 81' lang='grc' dir='ltr'><em>πέμπειν</em></span> <span class='ocrx_word' id='word_1_213' title='bbox 970 1877 1014 1928; x_wconf 85' lang='grc' dir='ltr'><em>ἐς</em></span> <span class='ocrx_word' id='word_1_214' title='bbox 1042 1876 1261 1933; x_wconf 86' lang='grc' dir='ltr'><em>Δελφούς.</em></span> <span class='ocrx_word' id='word_1_215' title='bbox 1309 1874 1338 1934; x_wconf 80' lang='grc' dir='ltr'><em>ἡ</em></span> <span class='ocrx_word' id='word_1_216' title='bbox 1370 1877 1416 1921; x_wconf 81' lang='grc' dir='ltr'><em>δὲ</em></span> <span class='ocrx_word' id='word_1_217' title='bbox 1447 1880 1604 1923; x_wconf 84' lang='grc' dir='ltr'><em>Πυθία</em></span> <span class='ocrx_word' id='word_1_218' title='bbox 1633 1876 1802 1923; x_wconf 85' lang='grc' dir='ltr'><em>άνεῖλεν</em></span> 
     </span>
    </p>
   </div>
   <div class='ocr_carea' id='block_1_9' title="bbox 550 1964 1570 2287">
    <p class='ocr_par' dir='ltr' id='par_1_9' title="bbox 550 1964 1145 2012">
     <span class='ocr_line' id='line_1_30' title="bbox 550 1964 1145 2012; baseline -0.003 -8"><span class='ocrx_word' id='word_1_219' title='bbox 550 1971 585 2004; x_wconf 98' lang='grc'><em>6.</em></span> <span class='ocrx_word' id='word_1_220' title='bbox 612 1971 643 2004; x_wconf 94' lang='grc'><em>1.</em></span> <span class='ocrx_word' id='word_1_221' title='bbox 668 1965 799 2012; x_wconf 82' lang='grc' dir='ltr'><em>αὑτὸν]</em></span> <span class='ocrx_word' id='word_1_222' title='bbox 822 1964 939 2003; x_wconf 83' lang='grc' dir='ltr'><em>αυτὸν</em></span> <span class='ocrx_word' id='word_1_223' title='bbox 964 1969 1019 2002; x_wconf 87' lang='lat' dir='ltr'><em>ed.</em></span> <span class='ocrx_word' id='word_1_224' title='bbox 1044 1971 1145 2002; x_wconf 83' lang='lat' dir='ltr'><strong>Rom.</strong></span> 
     </span>
    </p>

    <p class='ocr_par' dir='ltr' id='par_1_10' title="bbox 551 2013 1399 2069">
     <span class='ocr_line' id='line_1_31' title="bbox 551 2013 1399 2069; baseline -0.002 -19"><span class='ocrx_word' id='word_1_225' title='bbox 551 2017 587 2052; x_wconf 90' lang='grc'>6</span> <span class='ocrx_word' id='word_1_226' title='bbox 612 2017 644 2049; x_wconf 93' lang='grc'><em>1.</em></span> <span class='ocrx_word' id='word_1_227' title='bbox 669 2013 977 2069; x_wconf 75' lang='grc' dir='ltr'><em>διορθώσασθαι]</em></span> <span class='ocrx_word' id='word_1_228' title='bbox 1005 2016 1110 2048; x_wconf 87' lang='lat' dir='ltr'><strong>immo</strong></span> <span class='ocrx_word' id='word_1_229' title='bbox 1136 2014 1399 2057; x_wconf 70' lang='grc' dir='ltr'><em>διωρθῶσθαι</em></span> 
     </span>
    </p>

    <p class='ocr_par' dir='ltr' id='par_1_11' title="bbox 552 2056 1570 2151">
     <span class='ocr_line' id='line_1_32' title="bbox 552 2056 1570 2115; baseline -0.001 -19"><span class='ocrx_word' id='word_1_230' title='bbox 552 2063 587 2096; x_wconf 88' lang='grc'><em>6.</em></span> <span class='ocrx_word' id='word_1_231' title='bbox 610 2061 644 2095; x_wconf 89' lang='grc'><em>3.</em></span> <span class='ocrx_word' id='word_1_232' title='bbox 671 2058 870 2115; x_wconf 83' lang='grc' dir='ltr'><em>Ρωμύλος]</em></span> <span class='ocrx_word' id='word_1_233' title='bbox 893 2056 1078 2103; x_wconf 83' lang='grc' dir='ltr'><em>Ρώμυλος</em></span> <span class='ocrx_word' id='word_1_234' title='bbox 1102 2061 1157 2093; x_wconf 91' lang='lat' dir='ltr'><em>ed.</em></span> <span class='ocrx_word' id='word_1_235' title='bbox 1181 2063 1283 2094; x_wconf 80' lang='lat' dir='ltr'>Rom.</span> <span class='ocrx_word' id='word_1_236' title='bbox 1311 2067 1346 2094; x_wconf 87' lang='lat' dir='ltr'><em>et</em></span> <span class='ocrx_word' id='word_1_237' title='bbox 1368 2061 1428 2095; x_wconf 84' lang='lat' dir='ltr'><em>hic</em></span> <span class='ocrx_word' id='word_1_238' title='bbox 1453 2067 1488 2095; x_wconf 82' lang='lat' dir='ltr'><em>et</em></span> <span class='ocrx_word' id='word_1_239' title='bbox 1512 2062 1570 2096; x_wconf 83' lang='lat'><em>10.</em></span> 
     </span>
     <span class='ocr_line' id='line_1_33' title="bbox 552 2103 1287 2161; baseline -0.003 -20"><span class='ocrx_word' id='word_1_240' title='bbox 552 2104 947 2161; x_wconf 74' lang='grc' dir='ltr'><em>6.10.ὀργισάμενος]</em></span> <span class='ocrx_word' id='word_1_241' title='bbox 974 2119 1017 2139; x_wconf 81' lang='lat' dir='ltr'><em>au</em></span> <span class='ocrx_word' id='word_1_242' title='bbox 1038 2103 1279 2150; x_wconf 78' lang='grc' dir='ltr'><em>ωργισμένος.</em></span> <span class='ocrx_word' id='word_1_243' title='bbox 1274 2106 1287 2128; x_wconf 76' lang='grc'>7</span> 
     </span>
    </p>

    <p class='ocr_par' dir='ltr' id='par_1_12' title="bbox 553 2150 1362 2206">
     <span class='ocr_line' id='line_1_34' title="bbox 553 2150 1362 2206; baseline -0.003 -19"><span class='ocrx_word' id='word_1_244' title='bbox 553 2154 587 2190; x_wconf 83' lang='grc'><em>6.</em></span> <span class='ocrx_word' id='word_1_245' title='bbox 613 2154 668 2187; x_wconf 91' lang='grc'><em>22.</em></span> <span class='ocrx_word' id='word_1_246' title='bbox 692 2151 906 2195; x_wconf 79' lang='grc' dir='ltr'><em>παρεκάλει]</em></span> <span class='ocrx_word' id='word_1_247' title='bbox 921 2153 1058 2206; x_wconf 83' lang='lat' dir='ltr'>incipit</span> <span class='ocrx_word' id='word_1_248' title='bbox 1078 2153 1209 2185; x_wconf 81' lang='lat' dir='ltr'><strong>codicis</strong></span> <span class='ocrx_word' id='word_1_249' title='bbox 1227 2165 1263 2196; x_wconf 86' lang='lat' dir='ltr'><em>p.</em></span> <span class='ocrx_word' id='word_1_250' title='bbox 1281 2150 1362 2185; x_wconf 85' lang='grc'><em>325.</em></span> 
     </span>
    </p>

    <p class='ocr_par' dir='ltr' id='par_1_13' title="bbox 553 2194 1217 2254">
     <span class='ocr_line' id='line_1_35' title="bbox 553 2194 1217 2254; baseline -0.005 -22"><span class='ocrx_word' id='word_1_251' title='bbox 553 2199 588 2232; x_wconf 91' lang='grc'><em>6.</em></span> <span class='ocrx_word' id='word_1_252' title='bbox 613 2197 670 2234; x_wconf 85' lang='lat'><em>24.</em></span> <span class='ocrx_word' id='word_1_253' title='bbox 698 2196 852 2254; x_wconf 76' lang='grc' dir='ltr'><em>αὐτούς]</em></span> <span class='ocrx_word' id='word_1_254' title='bbox 879 2194 1012 2236; x_wconf 72' lang='grc' dir='ltr'><em>αὐτοῖς</em></span> <span class='ocrx_word' id='word_1_255' title='bbox 1035 2199 1089 2231; x_wconf 90' lang='lat' dir='ltr'><em>ed.</em></span> <span class='ocrx_word' id='word_1_256' title='bbox 1115 2200 1217 2231; x_wconf 88' lang='lat' dir='ltr'>Rom.</span> 
     </span>
    </p>

    <p class='ocr_par' dir='ltr' id='par_1_14' title="bbox 554 2240 1310 2287">
     <span class='ocr_line' id='line_1_36' title="bbox 554 2240 1310 2287; baseline -0.001 -8"><span class='ocrx_word' id='word_1_257' title='bbox 554 2245 589 2280; x_wconf 88' lang='grc'>6</span> <span class='ocrx_word' id='word_1_258' title='bbox 613 2245 670 2280; x_wconf 87' lang='lat'><em>27-</em></span> <span class='ocrx_word' id='word_1_259' title='bbox 694 2241 902 2287; x_wconf 75' lang='grc' dir='ltr'><em>ἀδύνατον]</em></span> <span class='ocrx_word' id='word_1_260' title='bbox 928 2246 1080 2278; x_wconf 84' lang='lat' dir='ltr'><strong>sortasse</strong></span> <span class='ocrx_word' id='word_1_261' title='bbox 1096 2240 1310 2278; x_wconf 70' lang='grc' dir='ltr'><em>ἀδυνατεῖν-</em></span> 
     </span>
    </p>
   </div>
   <div class='ocr_carea' id='block_1_10' title="bbox 417 2331 1811 2787">
    <p class='ocr_par' dir='ltr' id='par_1_15' title="bbox 417 2331 1808 2690">
     <span class='ocr_line' id='line_1_37' title="bbox 510 2331 1806 2378; baseline -0.002 -10"><span class='ocrx_word' id='word_1_262' title='bbox 510 2334 545 2369; x_wconf 90' lang='grc'><em>6.</em></span> <span class='ocrx_word' id='word_1_263' title='bbox 568 2334 602 2369; x_wconf 78' lang='lat'><em>2.</em></span> <span class='ocrx_word' id='word_1_264' title='bbox 650 2333 715 2369; x_wconf 85' lang='lat' dir='ltr'><em>Vix</em></span> <span class='ocrx_word' id='word_1_265' title='bbox 744 2336 864 2369; x_wconf 77' lang='lat' dir='ltr'><em>dubito</em></span> <span class='ocrx_word' id='word_1_266' title='bbox 898 2334 981 2378; x_wconf 84' lang='lat' dir='ltr'><em>quin</em></span> <span class='ocrx_word' id='word_1_267' title='bbox 1012 2334 1100 2370; x_wconf 84' lang='lat' dir='ltr'><strong>haec</strong></span> <span class='ocrx_word' id='word_1_268' title='bbox 1127 2336 1305 2376; x_wconf 81' lang='lat' dir='ltr'><strong>postrema</strong></span> <span class='ocrx_word' id='word_1_269' title='bbox 1328 2331 1494 2366; x_wconf 84' lang='lat' dir='ltr'><strong>sententia</strong></span> <span class='ocrx_word' id='word_1_270' title='bbox 1516 2332 1702 2367; x_wconf 81' lang='lat' dir='ltr'><strong>cohaereat</strong></span> <span class='ocrx_word' id='word_1_271' title='bbox 1724 2343 1806 2365; x_wconf 87' lang='lat' dir='ltr'><em>cum</em></span> 
     </span>
     <span class='ocr_line' id='line_1_38' title="bbox 417 2378 1806 2424; baseline -0.002 -10"><span class='ocrx_word' id='word_1_272' title='bbox 417 2380 554 2424; x_wconf 75' lang='lat' dir='ltr'><strong>priore3</strong></span> <span class='ocrx_word' id='word_1_273' title='bbox 585 2391 798 2424; x_wconf 84' lang='lat' dir='ltr'>quamquam</span> <span class='ocrx_word' id='word_1_274' title='bbox 821 2381 857 2414; x_wconf 84' lang='lat' dir='ltr'><em>in</em></span> <span class='ocrx_word' id='word_1_275' title='bbox 879 2381 950 2413; x_wconf 83' lang='lat' dir='ltr'><em>hac</em></span> <span class='ocrx_word' id='word_1_276' title='bbox 973 2380 1176 2423; x_wconf 80' lang='lat' dir='ltr'>eclogarum</span> <span class='ocrx_word' id='word_1_277' title='bbox 1200 2378 1381 2422; x_wconf 79' lang='lat' dir='ltr'><strong>farragine</strong></span> <span class='ocrx_word' id='word_1_278' title='bbox 1403 2379 1539 2412; x_wconf 82' lang='lat' dir='ltr'><strong>diversa</strong></span> <span class='ocrx_word' id='word_1_279' title='bbox 1570 2389 1675 2421; x_wconf 81' lang='lat' dir='ltr'><strong>saepe</strong></span> <span class='ocrx_word' id='word_1_280' title='bbox 1698 2389 1806 2421; x_wconf 84' lang='lat' dir='ltr'>copu-</span> 
     </span>
     <span class='ocr_line' id='line_1_39' title="bbox 418 2424 1807 2470; baseline -0.002 -10"><span class='ocrx_word' id='word_1_281' title='bbox 418 2427 534 2460; x_wconf 83' lang='lat' dir='ltr'>lantur</span> <span class='ocrx_word' id='word_1_282' title='bbox 551 2427 748 2470; x_wconf 76' lang='lat' dir='ltr'><strong>fragmenta</strong></span> <span class='ocrx_word' id='word_1_283' title='bbox 764 2427 838 2462; x_wconf 82' lang='lat' dir='ltr'><strong>sine</strong></span> <span class='ocrx_word' id='word_1_284' title='bbox 856 2428 931 2459; x_wconf 84' lang='lat' dir='ltr'>ulla</span> <span class='ocrx_word' id='word_1_285' title='bbox 953 2426 1146 2468; x_wconf 81' lang='lat' dir='ltr'><strong>scripturae</strong></span> <span class='ocrx_word' id='word_1_286' title='bbox 1165 2425 1392 2458; x_wconf 72' lang='lat' dir='ltr'><strong>distinctione.</strong></span> <span class='ocrx_word' id='word_1_287' title='bbox 1427 2424 1602 2458; x_wconf 70' lang='lat' dir='ltr'><em>Nunnium</em></span> <span class='ocrx_word' id='word_1_288' title='bbox 1620 2424 1807 2470; x_wconf 79' lang='lat' dir='ltr'><strong>Dionysius</strong></span> 
     </span>
     <span class='ocr_line' id='line_1_40' title="bbox 418 2470 1808 2513; baseline -0.003 -7"><span class='ocrx_word' id='word_1_289' title='bbox 418 2473 527 2507; x_wconf 82' lang='lat' dir='ltr'><strong>halio.</strong></span> <span class='ocrx_word' id='word_1_290' title='bbox 553 2473 578 2506; x_wconf 87' lang='lat' dir='ltr'><em>l.</em></span> <span class='ocrx_word' id='word_1_291' title='bbox 599 2472 655 2506; x_wconf 82' lang='lat'><em>86.</em></span> <span class='ocrx_word' id='word_1_292' title='bbox 681 2484 703 2507; x_wconf 89' lang='lat' dir='ltr'>a</span> <span class='ocrx_word' id='word_1_293' title='bbox 722 2473 875 2506; x_wconf 87' lang='lat' dir='ltr'>Romulo</span> <span class='ocrx_word' id='word_1_294' title='bbox 899 2473 943 2505; x_wconf 81' lang='lat' dir='ltr'><em>ad</em></span> <span class='ocrx_word' id='word_1_295' title='bbox 961 2473 1126 2513; x_wconf 84' lang='lat' dir='ltr'><strong>Remum,</strong></span> <span class='ocrx_word' id='word_1_296' title='bbox 1152 2482 1220 2504; x_wconf 91' lang='lat' dir='ltr'><em>non</em></span> <span class='ocrx_word' id='word_1_297' title='bbox 1243 2471 1320 2504; x_wconf 80' lang='lat' dir='ltr'><strong>vice</strong></span> <span class='ocrx_word' id='word_1_298' title='bbox 1343 2481 1456 2510; x_wconf 81' lang='lat' dir='ltr'><strong>versa,</strong></span> <span class='ocrx_word' id='word_1_299' title='bbox 1481 2470 1628 2504; x_wconf 86' lang='lat' dir='ltr'><strong>missum</strong></span> <span class='ocrx_word' id='word_1_300' title='bbox 1645 2470 1747 2511; x_wconf 75' lang='lat' dir='ltr'><em>‹licit3</em></span> <span class='ocrx_word' id='word_1_301' title='bbox 1772 2473 1808 2503; x_wconf 83' lang='lat' dir='ltr'><em>et</em></span> 
     </span>
     <span class='ocr_line' id='line_1_41' title="bbox 420 2516 1808 2559; baseline -0.003 -7"><span class='ocrx_word' id='word_1_302' title='bbox 420 2519 523 2552; x_wconf 81' lang='lat' dir='ltr'><strong>aliter</strong></span> <span class='ocrx_word' id='word_1_303' title='bbox 541 2530 616 2551; x_wconf 87' lang='lat' dir='ltr'><em>rem</em></span> <span class='ocrx_word' id='word_1_304' title='bbox 633 2522 772 2559; x_wconf 82' lang='lat' dir='ltr'>narrat;</span> <span class='ocrx_word' id='word_1_305' title='bbox 796 2518 884 2552; x_wconf 79' lang='lat' dir='ltr'><strong>alios</strong></span> <span class='ocrx_word' id='word_1_306' title='bbox 899 2518 1062 2550; x_wconf 52' lang='lat' dir='ltr'><strong>videlicet</strong></span> <span class='ocrx_word' id='word_1_307' title='bbox 1078 2517 1247 2551; x_wconf 78' lang='lat' dir='ltr'>historiae</span> <span class='ocrx_word' id='word_1_308' title='bbox 1265 2517 1377 2550; x_wconf 83' lang='lat' dir='ltr'><strong>fontes</strong></span> <span class='ocrx_word' id='word_1_309' title='bbox 1395 2520 1543 2550; x_wconf 84' lang='lat' dir='ltr'><em>secutus.</em></span> <span class='ocrx_word' id='word_1_310' title='bbox 1568 2517 1666 2550; x_wconf 83' lang='lat' dir='ltr'>MAI.</span> <span class='ocrx_word' id='word_1_311' title='bbox 1691 2516 1808 2549; x_wconf 80' lang='lat' dir='ltr'><strong>Verba</strong></span> 
     </span>
     <span class='ocr_line' id='line_1_42' title="bbox 420 2559 1808 2608; baseline -0.002 -10"><span class='ocrx_word' id='word_1_312' title='bbox 420 2565 612 2607; x_wconf 71' lang='grc' dir='ltr'><em>προπετῶς</em></span> <span class='ocrx_word' id='word_1_313' title='bbox 630 2582 671 2588; x_wconf 83' lang='grc'><strong>-</strong></span> <span class='ocrx_word' id='word_1_314' title='bbox 695 2561 850 2608; x_wconf 78' lang='grc' dir='ltr'><em>άγνοιαν</em></span> <span class='ocrx_word' id='word_1_315' title='bbox 861 2563 964 2597; x_wconf 83' lang='lat' dir='ltr'><strong>Remi</strong></span> <span class='ocrx_word' id='word_1_316' title='bbox 985 2563 1043 2596; x_wconf 77' lang='lat' dir='ltr'><em>et</em></span> <span class='ocrx_word' id='word_1_317' title='bbox 1034 2575 1109 2605; x_wconf 78' lang='lat' dir='ltr'><strong>lpsa</strong></span> <span class='ocrx_word' id='word_1_318' title='bbox 1126 2567 1222 2596; x_wconf 85' lang='lat' dir='ltr'>sunt:</span> <span class='ocrx_word' id='word_1_319' title='bbox 1248 2563 1365 2604; x_wconf 79' lang='lat' dir='ltr'><em>itaque</em></span> <span class='ocrx_word' id='word_1_320' title='bbox 1384 2559 1503 2597; x_wconf 71' lang='grc' dir='ltr'><em>αὐτοῦ</em></span> <span class='ocrx_word' id='word_1_321' title='bbox 1523 2560 1808 2600; x_wconf 76' lang='grc' dir='ltr'><em>ἀποστείλαντος</em></span> 
     </span>
     <span class='ocr_line' id='line_1_43' title="bbox 421 2607 1808 2653; baseline -0.001 -9"><span class='ocrx_word' id='word_1_322' title='bbox 421 2611 467 2644; x_wconf 77' lang='lat' dir='ltr'><em>ad</em></span> <span class='ocrx_word' id='word_1_323' title='bbox 490 2611 683 2643; x_wconf 86' lang='lat' dir='ltr'><strong>Romulum</strong></span> <span class='ocrx_word' id='word_1_324' title='bbox 706 2611 872 2653; x_wconf 80' lang='lat' dir='ltr'><strong>pertinet,</strong></span> <span class='ocrx_word' id='word_1_325' title='bbox 903 2621 1014 2653; x_wconf 81' lang='lat' dir='ltr'><strong>neque</strong></span> <span class='ocrx_word' id='word_1_326' title='bbox 1041 2609 1083 2642; x_wconf 81' lang='lat' dir='ltr'><em>(le</em></span> <span class='ocrx_word' id='word_1_327' title='bbox 1115 2608 1239 2642; x_wconf 77' lang='lat' dir='ltr'><strong>nuncio</strong></span> <span class='ocrx_word' id='word_1_328' title='bbox 1265 2609 1452 2652; x_wconf 79' lang='lat' dir='ltr'><em>quicquam</em></span> <span class='ocrx_word' id='word_1_329' title='bbox 1475 2609 1520 2642; x_wconf 86' lang='lat' dir='ltr'><em>ab</em></span> <span class='ocrx_word' id='word_1_330' title='bbox 1543 2607 1713 2652; x_wconf 74' lang='lat' dir='ltr'><strong>Blonysio</strong></span> <span class='ocrx_word' id='word_1_331' title='bbox 1737 2607 1808 2642; x_wconf 75' lang='lat' dir='ltr'><strong>dis-</strong></span> 
     </span>
     <span class='ocr_line' id='line_1_44' title="bbox 420 2655 730 2690; baseline 0 -1"><span class='ocrx_word' id='word_1_332' title='bbox 420 2655 525 2690; x_wconf 81' lang='lat' dir='ltr'><strong>sentit</strong></span> <span class='ocrx_word' id='word_1_333' title='bbox 546 2656 730 2690; x_wconf 79' lang='lat' dir='ltr'><strong>Diodorus</strong></span> 
     </span>
    </p>

    <p class='ocr_par' dir='ltr' id='par_1_16' title="bbox 424 2698 1811 2787">
     <span class='ocr_line' id='line_1_45' title="bbox 515 2698 1809 2742; baseline -0.003 -7"><span class='ocrx_word' id='word_1_334' title='bbox 515 2702 549 2737; x_wconf 87' lang='grc'><em>6.</em></span> <span class='ocrx_word' id='word_1_335' title='bbox 572 2702 628 2736; x_wconf 80' lang='grc'><em>22.</em></span> <span class='ocrx_word' id='word_1_336' title='bbox 675 2702 795 2735; x_wconf 80' lang='lat' dir='ltr'><strong>Triste</strong></span> <span class='ocrx_word' id='word_1_337' title='bbox 816 2703 885 2735; x_wconf 86' lang='lat' dir='ltr'><em>hoc</em></span> <span class='ocrx_word' id='word_1_338' title='bbox 908 2712 1034 2734; x_wconf 83' lang='lat' dir='ltr'>canum</span> <span class='ocrx_word' id='word_1_339' title='bbox 1058 2700 1268 2733; x_wconf 79' lang='lat' dir='ltr'>ululantium</span> <span class='ocrx_word' id='word_1_340' title='bbox 1292 2699 1385 2742; x_wconf 83' lang='lat' dir='ltr'>apud</span> <span class='ocrx_word' id='word_1_341' title='bbox 1407 2699 1483 2732; x_wconf 71' lang='lat' dir='ltr'><em>Mes</em></span> <span class='ocrx_word' id='word_1_342' title='bbox 1485 2710 1595 2732; x_wconf 74' lang='lat' dir='ltr'><strong>semus</strong></span> <span class='ocrx_word' id='word_1_343' title='bbox 1620 2698 1809 2742; x_wconf 80' lang='lat' dir='ltr'>augurium</span> 
     </span>
     <span class='ocr_line' id='line_1_46' title="bbox 424 2743 1811 2787; baseline -0.004 -6"><span class='ocrx_word' id='word_1_344' title='bbox 424 2752 542 2782; x_wconf 81' lang='lat' dir='ltr'>narrat</span> <span class='ocrx_word' id='word_1_345' title='bbox 564 2748 670 2782; x_wconf 76' lang='lat' dir='ltr'><strong>etiam</strong></span> <span class='ocrx_word' id='word_1_346' title='bbox 694 2747 885 2781; x_wconf 77' lang='lat' dir='ltr'>Pausanias</span> <span class='ocrx_word' id='word_1_347' title='bbox 907 2748 1053 2780; x_wconf 76' lang='lat' dir='ltr'><em>Messen.</em></span> <span class='ocrx_word' id='word_1_348' title='bbox 1077 2757 1138 2779; x_wconf 87' lang='lat' dir='ltr'><em>seu</em></span> <span class='ocrx_word' id='word_1_349' title='bbox 1160 2745 1221 2779; x_wconf 79' lang='lat' dir='ltr'><strong>lib.</strong></span> <span class='ocrx_word' id='word_1_350' title='bbox 1239 2745 1297 2778; x_wconf 90' lang='lat' dir='ltr'><em>IV.</em></span> <span class='ocrx_word' id='word_1_351' title='bbox 1322 2744 1385 2783; x_wconf 58' lang='lat'><em>134</em></span> <span class='ocrx_word' id='word_1_352' title='bbox 1404 2749 1438 2778; x_wconf 87' lang='lat' dir='ltr'><em>et</em></span> <span class='ocrx_word' id='word_1_353' title='bbox 1465 2745 1523 2778; x_wconf 80' lang='lat'><em>21.</em></span> <span class='ocrx_word' id='word_1_354' title='bbox 1572 2745 1667 2778; x_wconf 86' lang='lat' dir='ltr'><strong>Idem</strong></span> <span class='ocrx_word' id='word_1_355' title='bbox 1693 2743 1811 2787; x_wconf 79' lang='lat' dir='ltr'><strong>prodi-</strong></span> 
     </span>
    </p>
   </div>
   <div class='ocr_carea' id='block_1_11' title="bbox 424 2789 1810 2874">
    <p class='ocr_par' dir='ltr' id='par_1_17' title="bbox 424 2789 1810 2874">
     <span class='ocr_line' id='line_1_47' title="bbox 424 2789 1810 2874; baseline -0.001 -48"><span class='ocrx_word' id='word_1_356' title='bbox 424 2793 787 2874; x_wconf 45' lang='lat' dir='ltr'><em>igmffiqloswnfflefflis</em></span> <span class='ocrx_word' id='word_1_357' title='bbox 806 2805 925 2829; x_wconf 81' lang='lat' dir='ltr'><strong>necem</strong></span> <span class='ocrx_word' id='word_1_358' title='bbox 949 2791 1116 2828; x_wconf 77' lang='lat' dir='ltr'><strong>accidisse</strong></span> <span class='ocrx_word' id='word_1_359' title='bbox 1139 2789 1378 2836; x_wconf 75' lang='lat' dir='ltr'><strong>superstitiose</strong></span> <span class='ocrx_word' id='word_1_360' title='bbox 1400 2791 1563 2829; x_wconf 79' lang='lat' dir='ltr'><em>observat</em></span> <span class='ocrx_word' id='word_1_361' title='bbox 1578 2789 1748 2836; x_wconf 83' lang='lat' dir='ltr'><strong>Virgilius</strong></span> <span class='ocrx_word' id='word_1_362' title='bbox 1765 2789 1810 2825; x_wconf 91' lang='lat' dir='ltr'><em>G.</em></span> 
     </span>
     <span class='ocr_line' id='line_1_48' title="bbox 445 2850 695 2873; baseline -0.004 0"><span class='ocrx_word' id='word_1_363' title='bbox 445 2866 450 2871; x_wconf 94' lang='lat'>.</span> <span class='ocrx_word' id='word_1_364' title='bbox 505 2850 516 2873; x_wconf 79' lang='grc' dir='ltr'><em>ι</em></span> <span class='ocrx_word' id='word_1_365' title='bbox 552 2867 559 2873; x_wconf 91' lang='grc'><em>.</em></span> <span class='ocrx_word' id='word_1_366' title='bbox 689 2865 695 2872; x_wconf 94' lang='grc'><em>.</em></span> 
     </span>
    </p>
   </div>
   <div class='ocr_carea' id='block_1_12' title="bbox 1895 0 1968 3346">
    <p class='ocr_par' dir='ltr' id='par_1_18' title="bbox 1895 0 1968 3346">
     <span class='ocr_line' id='line_1_49' title="bbox 1895 0 1968 3346; baseline 0 0"><span class='ocrx_word' id='word_1_367' title='bbox 1895 0 1968 3346; x_wconf 95' lang='lat' dir='ltr'><em> </em></span> 
     </span>
    </p>
   </div>
  </div>
 </body>
</html>
