1968 3346
472 199 556 244 EX
585 201 634 244 A.
665 200 806 242 ΜΑΙΙΔ
825 200 1241 245 PRAEFATIONE.
1482 217 1551 248 v11

169 318 253 360 sim
291 316 337 358 in
377 315 740 358 membranarum
779 313 1050 369 marginibus
1095 315 1359 358 vocabulum
1400 314 1551 374 γνώμη

168 388 392 430 sententia
421 400 539 426 nune
569 384 710 425 minio
732 399 850 425 nunc
875 391 1121 425 atramento
1143 387 1313 441 pictum
1333 388 1547 431 videbam.

167 459 339 499 Verum
370 457 593 498 enimvero
618 454 1015 496 constantinianum
1039 455 1222 497 titulum
1244 459 1300 500 dc
1324 460 1549 501 sententiis

166 529 278 570 mihi
308 528 354 569 in
381 527 583 568 manibus
611 541 714 577 esse,
744 525 906 581 duplici
930 525 1111 566 demum
1135 527 1413 584 evidentique
1432 531 1549 572 testi-

165 599 319 641 monio
338 596 559 639 convictus
575 611 690 637 sum.
745 596 949 650 Namque
972 596 1013 636 in
1040 596 1199 652 eclogis
1228 598 1454 641 valesianis
1482 601 1547 642 tit.

165 670 222 712 de
249 667 485 712 virtutibus
516 681 571 708 ac
598 667 749 717 vitiis,
780 665 898 723 apud
928 666 1205 723 VVesselingii
1235 669 1470 710 editionem
1500 686 1545 727 p.

162 743 269 793 560,
315 740 373 781 ait
403 738 664 793 eclogarius,
701 736 918 793 reliquam
947 745 1121 793 partem
1153 738 1385 795 colloquii,
1426 740 1547 794 quod

160 810 390 854 macedoni
408 807 677 867 Lysimacho
699 823 800 849 cum
815 807 1098 849 Dromicheta
1119 808 1269 852 thrace
1290 810 1546 862 intercessit,

159 882 208 923 in
230 881 365 924 titulo
397 881 453 923 cle
482 879 713 922 sententiis
744 894 832 921 esse
866 879 1174 935 quaerendam.
1231 881 1366 936 Atqui
1395 881 1442 922 in
1472 896 1545 923 co·

160 952 252 995 dice
286 951 508 1000 vaticano,
551 964 686 1005 quem
725 956 875 991 totum
913 947 1000 991 hoc
1037 950 1167 992 titulo
1206 950 1395 1008 plenum
1435 951 1544 1003 dixi,
1596 986 1598 988 ,

158 1039 206 1080 p.
243 1028 327 1068 266
376 1020 598 1077 (editionis
639 1034 762 1060 meae
802 1034 847 1076 p.
874 1018 946 1075 44)
987 1019 1102 1061 mire
1141 1036 1186 1063 se
1223 1021 1338 1063 mihi
1377 1022 1543 1065 obtulit

157 1102 257 1136 tum
298 1094 388 1135 eius
419 1091 635 1133 sermonis
674 1091 854 1132 initium
891 1091 1013 1147 quod
1043 1099 1106 1133 est
1145 1092 1266 1149 apud
1302 1092 1542 1145 valesium,

155 1172 258 1207 tum
287 1163 482 1206 eiusdem
515 1162 809 1214 continuatio,
851 1178 988 1219 quam
1027 1162 1268 1205 valesianus
1299 1163 1540 1220 eclogarius

156 1252 181 1278 a
207 1235 340 1277 titulo
371 1235 428 1278 cle
455 1234 689 1276 sententiis
717 1234 1002 1291 repetendam
1024 1248 1114 1276 esse
1133 1242 1382 1277 monuerat.
1426 1235 1541 1276 Rur-

157 1322 230 1349 sus
270 1307 313 1348 in
348 1305 572 1350 valesianis
609 1305 727 1362 apud
754 1304 937 1347 Wessel.
965 1320 1011 1362 p.
1043 1306 1140 1349 547.
1181 1304 1339 1347 dicitur
1376 1306 1539 1363 Pythia

153 1379 416 1435 Lycurgum
450 1375 623 1433 poetico
653 1389 842 1417 numero
872 1374 1005 1417 fuisse
1034 1374 1258 1425 adlocuta3
1299 1376 1441 1418 lector
1468 1384 1540 1418 ta-

153 1463 259 1491 men
299 1448 353 1489 ad
391 1447 573 1488 titulum
614 1446 670 1488 cle
709 1447 935 1489 sententiis
975 1445 1248 1487 amandatur.
1306 1447 1402 1489 Iam
1430 1462 1537 1489 vero

153 1518 338 1576 Pythiae
356 1518 410 1559 ad
431 1518 689 1574 Lycurgum
713 1517 972 1568 versiculos,
1004 1531 1117 1573 quos
1146 1515 1394 1568 valesianus,
1418 1517 1538 1559 eclo-

154 1589 299 1645 garius
329 1588 533 1630 indicavit
563 1588 743 1643 quidem
765 1587 841 1629 sed
857 1587 1176 1645 praetermisit,
1205 1588 1426 1630 vaticanus
1457 1604 1537 1630 co·-

155 1661 242 1702 dex
279 1676 324 1718 p.
363 1661 459 1704 255.
497 1658 582 1712 (ed.
621 1674 665 1715 p.
700 1658 756 1711 1.)
796 1659 990 1716 perbelle
1025 1659 1139 1701 mihi
1177 1660 1534 1716 repraesentavit.

152 1732 272 1788 Ergo
291 1732 377 1773 iam
393 1729 620 1771 dubitandi
644 1730 768 1785 copia
789 1729 910 1771 nulla
929 1730 1037 1781 fuit3
1065 1738 1242 1792 praeter
1262 1745 1397 1786 quam
1411 1730 1534 1786 quod

150 1804 262 1845 ratio
295 1815 473 1858 quoque
503 1799 754 1855 eclogarum
782 1801 1078 1844 vaticanorum
1094 1831 1105 1850 ‚
1137 1808 1370 1843 auctorum
1392 1800 1532 1852 stilus,

152 1882 194 1916 et
223 1881 358 1915 cetera
389 1871 548 1913 indicia
570 1878 796 1927 quotquot
823 1872 870 1914 in
900 1880 992 1915 arte
1021 1873 1170 1916 critica
1198 1871 1433 1927 habemus,
1462 1887 1532 1917 ve-

149 1945 326 1987 ritatem
354 1943 419 1985 rei
449 1941 784 1986 confirmabant.

259 2087 336 2128 His
375 2086 600 2144 praeiactis
636 2084 779 2128 labori
815 2099 917 2128 meo
947 2083 1267 2139 fundamentis,
1309 2086 1363 2128 ad
1393 2085 1530 2129 decla·
1579 2083 1582 2086 ’

147 2159 364 2200 rationem
382 2159 550 2199 naviter
571 2157 726 2199 codicis
756 2157 1077 2216 lectionemque
1105 2159 1358 2201 incumbere
1386 2158 1526 2214 coepi.

146 2229 204 2270 Et
231 2229 434 2286 primum
465 2228 647 2285 quidem
677 2229 878 2271 chemicis
908 2229 1169 2271 adiumentis
1200 2229 1420 2271 diuturnis
1457 2235 1528 2270 at·-

148 2313 235 2356 que
273 2299 516 2341 efficacibus
558 2299 728 2356 sepulta
764 2314 951 2357 prorsus
993 2308 1123 2357 atque
1160 2300 1313 2342 oculos
1352 2299 1526 2355 fugiens

146 2370 365 2427 scriptura
391 2371 632 2412 suscitanda
661 2370 767 2422 suit,
796 2371 854 2411 ita
883 2378 935 2412 ut
964 2372 1054 2413 eius
1085 2372 1224 2428 apices
1254 2370 1421 2412 iamdiu
1447 2369 1525 2411 de-

146 2441 223 2482 leti
254 2448 382 2495 atque
417 2441 702 2483 intermortui
731 2440 928 2483 colorem
967 2442 1163 2498 aliquem
1191 2441 1440 2492 traherent,
1483 2447 1526 2482 et

145 2511 228 2554 sub
269 2511 373 2553 novi
412 2512 565 2568 scripti
601 2511 814 2554 velamine
851 2506 1166 2569 promicarent.
1228 2512 1342 2554 Cave
1372 2519 1524 2553 tamen

143 2590 271 2640 putes
292 2589 496 2640 paratum
519 2583 577 2624 ita
601 2583 795 2624 codicem
814 2583 939 2625 facile
961 2585 1165 2641 protinus
1197 2599 1244 2626 ac
1273 2581 1524 2624 ioculariter

143 2655 246 2710 legi:
280 2654 386 2709 quin
416 2653 558 2694 immo
589 2653 674 2695 hoc
705 2653 957 2711 sisyphium
979 2669 1163 2704 saxum,
1195 2661 1354 2695 conatu
1378 2667 1522 2710 prope

143 2724 315 2766 infinito
355 2732 486 2779 atquc
527 2726 769 2766 innumeris
810 2725 975 2766 vicibus
1012 2723 1392 2781 pervolutandum
1434 2730 1519 2765 estz

143 2796 265 2850 isque
293 2795 419 2839 labor
447 2797 492 2838 in
522 2795 607 2838 hoc
638 2797 802 2839 diutius
831 2794 1418 2853 summeque'palimpsesto
1447 2808 1521 2837 me
