1968 3346
209 225 295 266 236
730 212 765 253 L
794 212 813 253 1
840 213 886 253 B.

213 340 435 385 Fragmenta
460 333 646 376 Excerpta
689 331 874 374 Excerpta
901 329 1083 368 Excerpta
1129 322 1312 362 Excerpta

460 388 649 433 Vaticana?
716 386 840 422 Vrsini
930 381 1052 422 photii

885 947 965 982 519.
985 945 1105 979 91.—

942 1003 1022 1040 522.
1039 1001 1094 1037 57.

508 1062 584 1097 101.
603 1060 637 1094 7.

484 1175 560 1210 101.
585 1173 639 1207 12.

512 1399 589 1435 102.
613 1397 643 1431 1.

494 1907 569 1943 102.
591 1907 624 1940 3.

480 2077 556 2112 102.
590 2074 644 2110 14.

334 2195 411 2229 Lu.

949 2244 1028 2278 522.
1051 2244 1105 2279 58.

492 2412 569 2448 103.
603 2411 661 2446 15.

502 2585 577 2620 103.
607 2582 665 2617 25.

952 2687 1029 2722 523.
1050 2684 1105 2721 64.

941 209 1056 252 XXI.
1073 228 1129 236 —
1141 202 1231 245 XL.

1149 374 1284 424 Valesii

1146 543 1227 581 590.
1256 541 1314 577 96.

1153 1272 1231 1308 591.
1256 1266 1291 1306 4.

1163 1553 1243 1590 591.
1274 1552 1307 1585 8.

1158 1666 1235 1701 591.
1267 1660 1322 1699 14.

1341 425 1640 470 Pseudophilippi
1682 429 1765 469 post

1400 484 1518 516 victos
1579 483 1765 515 Romanos

1402 539 1554 574 saevitia

1344 595 1541 631 Alexandri
1552 593 1664 627 Baiae
1676 592 1769 637 'fuga

1404 659 1442 686 et
1474 655 1671 684 consecuta
1703 659 1770 692 per

1403 707 1653 754 proditionem
1690 715 1772 737 cae-

1356 778 1359 780 ·
1405 766 1479 798 des.
1527 761 1702 796 Narratio
1729 759 1773 793 de

1407 818 1633 864 androgynis
1683 816 1774 850 duo-

1409 879 1477 911 bus
1490 875 1681 909 occasione
1694 884 1775 906 ora-

1412 930 1693 968 culiAlexandro
1703 929 1776 963 dati

1357 1044 1593 1091 Carthaginis
1611 1041 1750 1076 obsidio

1359 1103 1508 1139 Catonis
1536 1101 1581 1133 de
1607 1098 1779 1143 Scipione

1414 1158 1593 1193 iudicium
1606 1162 1640 1188 et
1654 1152 1780 1199 populi

1414 1219 1460 1251 R.
1471 1225 1561 1259 erga
1569 1211 1782 1257 Scipionem

1415 1272 1524 1306 favor

1361 1329 1455 1364 Belli
1486 1323 1619 1361 Punici
1648 1332 1784 1366 anceps

1419 1386 1572 1418 fortuna

1365 1436 1697 1486 CalpurniiPisonis
1707 1446 1784 1468 ma·

1419 1499 1457 1532 la
1474 1496 1562 1529 fides
1578 1494 1649 1539 ipsi
1665 1491 1785 1537 perui-

1423 1555 1520 1587 ciosa
1728 1583 1730 1588 λ

1365 1610 1509 1645 Prusias
1543 1606 1684 1640 civibus
1715 1602 1788 1637 suis

1424 1666 1561 1700 invisus

1367 1726 1624 1759 Romanorum
1647 1716 1694 1750 ad
1713 1715 1790 1749 hel-

1346 1774 1350 1776 *
1424 1781 1505 1814 lum
1525 1773 1736 1811 Nicomedis
1756 1777 1792 1804 et

1423 1833 1580 1872 Prusiae
1643 1840 1792 1873 compo—

1427 1892 1590 1925 nendum
1614 1886 1754 1933 legatio

1371 1945 1610 1987 Hasdrubalis
1627 1945 1661 1977 in
1677 1942 1794 1975 collo·

1429 2005 1516 2051 quio
1535 2013 1619 2036 cum
1634 1999 1795 2034 Gulussa

1428 2061 1569 2095 vanitas

1375 2113 1606 2161 Carthaginis
1668 2115 1796 2156 portus

1432 2173 1578 2207 Cothon

1377 2226 1609 2274 Carthaginis
1631 2222 1731 2257 muri

1376 2284 1602 2330 Carthagine
1688 2284 1800 2322 capta

1431 2336 1671 2376 Hasdrubalis
1727 2334 1798 2368 hu-

1433 2398 1532 2432 milis
1563 2395 1706 2429 animus

1377 2453 1606 2499 Carthagine
1616 2452 1800 2493 flagrante

1436 2509 1615 2556 Scipionis
1627 2507 1669 2539 de
1681 2507 1801 2539 Roma

1435 2566 1653 2600 vaticinium

1380 2624 1592 2661 Masinissae
1605 2621 1642 2653 in
1658 2629 1803 2652 summa

1437 2684 1624 2727 seneqtute
1644 2676 1747 2720 vigor

1382 2735 1597 2784 Nicomedes
1610 2722 1803 2781 Prusiani-
