1968 3346
306 239 607 285 EXCERPTA
635 234 920 288 VATICANA
947 237 1394 282 1..·xxXV11.-XL.
1461 242 1545 285 13³

158 356 358 425 ριβοιλεῖν
391 343 595 404 ἐξουσίαν
632 353 716 393 τοῦ
754 346 961 404 πράττειν
1002 347 1028 393 δ
1066 348 1269 405 βούλεται
1306 349 1545 420 τηλικαύτῃ

157 411 388 466 δυςσεβείᾳ
409 405 816 462 περιπεποιημένον.
845 405 926 461 τὴν
947 404 1032 461 γὰρ
1059 408 1261 460 Φρυγίαν
1281 407 1546 462 κατασύρων

158 479 410 538 πρηστηρος
443 463 610 517 τρόπον
641 464 709 506 ἐπὶ
738 466 792 519 τῇ
821 478 911 505 των
941 463 1270 517 περιπεσόντων
1298 479 1350 506 πε
1333 467 1545 521 ριτροπῆ

155 523 325 579 ἁπάσης
353 521 519 571 πόλεως
539 521 815 588 κατέσκηπτε.
847 517 871 563 ὁ
896 519 941 563 δὲ
962 518 1174 574 στερήσας
1196 519 1355 563 ἑαυτὸν
1370 525 1449 563 τοῦ
1468 525 1546 576 ζῆν

153 584 234 640 μιᾷ
261 581 440 635 τελευτῃ
469 581 646 622 πολλῶν
667 575 884 620 θανάτων
914 575 1231 633 ἐχρεοκόπησεν
1257 575 1543 634 ὀφειλήματα.
1573 582 1603 627 5

253 691 354 735 ’Ότι
387 684 549 742 Γναῖος
589 684 821 745 Πομπήιος
863 687 1001 740 καλάς
1038 686 1225 745 αμοιβὰς
1269 694 1348 759 τῇς
1390 687 1545 762 ἀρετῆς

155 746 514 818 ἀπενεγκάμενος
544 746 620 790 καὶ
665 750 745 789 τοῦ
782 748 998 801 πρωτείου
1037 763 1181 816 τυχων
1231 745 1304 790 δια
1352 747 1434 802 τὴν
1475 746 1546 790 οἷν-

19 836 21 858 2
155 807 309 864 δρείαν
346 803 611 854 ἀκολούθως
650 807 744 853 τοῖς
774 802 1146 873 ὑπηρετουμένοις
1183 820 1236 846 τα
1270 803 1378 874 μετὰ
1407 809 1546 855 ταῦτα

19 862 22 911 ξ
87 859 311 922 126ἕπραξε
338 862 412 904 καὶ
441 860 522 920 τήν
552 859 651 930 περὶ
682 857 820 903 αυτὸν
850 859 1033 914 αὔξησιν
1062 859 1134 905 δια
1156 859 1425 929 γραμμάτων
1454 859 1547 917 ἐδή-

18 917 22 927 ”
152 924 264 964 λωσε
294 923 356 978 τῷ
385 915 551 961 Σύλλα.
581 915 606 960 ὁ
638 917 693 959 δὲ
709 920 887 960 πολλῶν
911 916 1056 967 ἄλλων
1078 915 1314 971 θαυμάσας
1343 934 1421 966 τον
1449 933 1528 960 νεα
1550 927 1602 966 10

153 978 312 1020 νίσκον
323 979 434 1046 τοῖς
467 971 573 1046 μετ’
593 971 732 1016 αὐτοῦ
756 977 1066 1045 συγκλητικοῖς
1091 973 1320 1043 επέπληττε
1343 989 1543 1027 παρονει-

154 1035 286 1086 δίζων
318 1031 408 1086 αμα
436 1031 512 1074 ’καὶ
540 1028 915 1083 προκαλούμενος
930 1028 1046 1082 πρὸς
1083 1029 1161 1072 τὸν
1198 1029 1356 1084 ὅμοιον
1388 1034 1542 1100 ζῆλον·

152 1087 399 1156 θαυμάζειν
428 1086 527 1155 γὰρ
552 1086 714 1141 ε’φησεν
746 1085 812 1128 ὅτι
841 1085 941 1135 νέος
978 1085 1057 1139 μὲν
1094 1091 1317 1138 παντελως
1346 1085 1545 1143 τηλικού-

152 1150 259 1189 των
283 1141 618 1212 στρατευμάτων
654 1143 873 1212 πολεμίων
914 1140 1199 1212 ἄφήρπακεν,
1224 1145 1285 1186 -οῑ
1324 1144 1369 1187 δὲ
1403 1148 1463 1210 τῇ
1499 1159 1545 1187 τε

152 1200 302 1257 ηλικίᾳ
341 1201 415 1244 καὶ
451 1204 545 1250 τοῖς
585 1197 799 1263 αξιώμασι
842 1198 957 1242 πολυ
997 1199 1255 1254 προέχοντες
1293 1198 1421 1244 οὐδὲ
1435 1188 1600 1253 τούςῙδ

153 1259 296 1309 ἰδίους
325 1256 496 1311 οἰκέτας
535 1256 595 1309 εἰς
625 1256 874 1315 συμμαχίαν
900 1257 1092 1315 γνησίαν
1122 1256 1384 1322 δεδύνηνται
1412 1257 1543 1313 παρέ-

150 1319 319 1375 χεσθαι.

289 1497 369 1533 137.
392 1495 427 1531 5.
457 1490 653 1537 θανάτων]
678 1490 878 1531 θανόντων
902 1495 957 1530 ed.
981 1497 1083 1532 Rom'.
1134 1491 1154 1533 ὀ
1174 1489 1220 1533 δε
1243 1515 1288 1524 --
1310 1492 1545 1544 ὀφειλήματα

135 1561 138 1566 ·
161 1568 167 1583 ·.
196 1550 314 1590 autem
339 1556 408 1576 non
435 1550 512 1577 arte
537 1543 728 1575 cohaerent
753 1555 829 1575 cum
855 1544 1161 1585 Praecedentibus.

227 1626 244 1635 Ἡ
292 1589 369 1623 137.
396 1589 429 1622 6.
470 1587 622 1633 Γναῖος]
657 1585 799 1627 Γνάϊος
822 1590 877 1621 ed
905 1589 1005 1622 Rom.
1033 1596 1068 1622 et
1092 1602 1173 1624 mox
1197 1589 1544 1637 ἀπενενεγκάμενοςρ

289 1636 368 1670 137.
393 1635 426 1669 8.
457 1629 810 1691 υπηρετουμένοις]
816 1647 857 1667 an
883 1630 1158 1680 νπηργμένοιςῖ

217 1708 223 1713 .
291 1681 370 1716 137.
393 1681 429 1714 9.
466 1677 595 1723 αὑτὸν]
625 1677 743 1714 αὐτὸν
770 1681 824 1713 ed.
850 1682 954 1714 Rom.

291 1728 369 1763 137.
395 1728 452 1761 10.
485 1726 645 1769 noxiam]
664 1726 824 1760 fortasse
847 1726 918 1770 πρὸ
940 1727 1098 1762 πολλῶν.

291 1773 369 1809 137.
396 1774 452 1808 13.
496 1771 725 1827 τηλικούτων
761 1772 1043 1817 στρατευμάτων
1077 1773 1279 1818 πολεμιων]
1321 1776 1546 1810 scribendum

197 1826 285 1866 puto
309 1820 528 1866 τηλικοῦτον
553 1816 762 1863 στράτευμα
788 1831 864 1856 των
885 1820 1070 1865 πολεμίων
1096 1822 1234 1857 collatis
1259 1834 1349 1868 quae
1372 1823 1417 1857 de
1441 1825 1546 1858 Pom-

197 1867 280 1912 peio
304 1874 425 1901 narrat
448 1867 660 1902 Pluta1ehus
687 1879 716 1901 c·
735 1866 768 1901 7.

151 2033 302 2069 Wessel.
326 2045 360 2077 p.
381 2032 464 2069 615.
487 2034 612 2070 scribit
635 2036 836 2072 fimbriam.
882 2036 995 2071 Porro
1019 2039 1139 2071 notum
1163 2039 1216 2073 est
1237 2037 1418 2073 ΜιΙοι-ἰιιπι
1442 2039 1547 2074 Flac-

150 2091 239 2113 cum
256 2081 373 2114 Mario
397 2081 475 2115 VII.
509 2082 644 2116 consuli
674 2083 710 2116 in
744 2083 859 2128 magi
849 2086 955 2116 tratu
987 2084 1149 2118 morienti
1181 2084 1367 2120 suffectum
1392 2086 1460 2119 fuis
1446 2098 1498 2119 sse
1522 2097 1545 2120 a

151 2126 263 2159 Cinna
287 2127 426 2171 collega
447 2131 482 2162 et
505 2127 540 2161 in
563 2129 685 2162 Asiam
709 2135 832 2163 contra
851 2129 1091 2164 Mithridatem
1117 2130 1276 2166 missum.
1321 2133 1426 2166 Hunc
1442 2133 1546 2166 Flac-

151 2184 233 2206 cum
255 2172 416 2206 Fimbria
440 2174 577 2218 legatus
610 2175 685 2208 cius
717 2176 859 2210 sceleste
882 2176 1029 2218 occidit,
1062 2176 1286 2221 eiusdemque
1307 2179 1462 2212 exercitu
1485 2190 1546 2212 oc-

151 2222 281 2261 cupato
304 2219 497 2264 imperator
520 2221 716 2264 appellatus
740 2222 819 2254 fuit.
869 2221 965 2255 Tum
997 2222 1204 2256 adventante
1227 2223 1351 2269 Syna,
1382 2224 1545 2258 factionis

150 2265 348 2300 contrariae
370 2266 476 2310 duce,
509 2277 618 2310 quum
651 2278 674 2301 a
705 2267 882 2301 militibus
907 2268 1144 2311 desereretur,
1175 2280 1299 2303 manus
1323 2271 1391 2304 sibi
1415 2272 1545 2312 attulit,

150 2320 195 2342 ne
217 2310 395 2352 syllauam
418 2312 660 2347 crudelitatem
684 2314 899 2357 experiretur
922 2294 1155 2358 (Paterc’nlus
1171 2316 1216 2349 11.
1242 2316 1309 2356 24,
1335 2318 1546 2351 Plutarchus

150 2354 188 2388 in
213 2355 316 2399 Sylla
337 2368 427 2410 cap
447 2357 570 2399 XXV,
602 2359 781 2403 Appianus
813 2361 896 2393 bell.
932 2361 997 2393 civ.
1019 2361 1046 2395 Ι.
1070 2360 1146 2405 75.)
1195 2341 1377 2397 Fimbriae
1412 2365 1545 2398 scelera

151 2400 189 2435 in
213 2401 365 2436 asiaticis
387 2403 578 2446 provinciis
601 2409 769 2439 recenset
786 2406 860 2449 ipse
886 2406 1062 2439 Diodorus
1090 2407 1125 2440 in
1161 2408 1292 2452 fragm.
1325 2410 1378 2444 ed.
1402 2422 1439 2454 p.
1460 2409 1543 2445 615.

153 2447 340 2482 Praeterea
367 2453 493 2483 auctor
516 2450 559 2483 de
590 2450 678 2484 viris
702 2451 752 2484 ill.
790 2462 866 2495 cap.
888 2453 1005 2485 LXX:
1037 2453 1191 2486 Fimbria
1216 2456 1436 2489 sactissimus
1461 2456 1545 2488 Cin-

152 2505 243 2528 nac
253 2495 413 2536 satelles,
450 2495 575 2537 Ilium,
606 2497 666 2530 ubi
697 2498 832 2531 tardius
859 2503 984 2541 portae
1013 2504 1224 2542 patuerunt,
1260 2502 1399 2534 incendi
1429 2502 1543 2535 iussit.

154 2539 290 2576 Ibidem
321 2542 470 2575 militiae
495 2543 666 2585 principes
688 2544 799 2576 secun·
820 2544 998 2587 percussit.
1045 2545 1180 2579 Eadem
1205 2547 1368 2580 dicuntur
1391 2547 1427 2581 in
1451 2547 1544 2582 Livii

152 2585 306 2629 epitome
327 2587 656 2623 LXXX111.MA1.
713 2588 865 2623 Omnino
895 2600 1011 2623 sermo
1044 2595 1095 2625 cst
1127 2592 1171 2625 «le
1203 2593 1259 2626 llii
1288 2593 1451 2628 immanis
1454 2593 1545 2627 simo

152 2632 289 2712 εΧοὲΙίο
311 2644 374 2713 poetzr
396 2633 606 2670 Fimbriam.
643 2635 786 2679 hegesia
801 2636 1036 2680 Augustinum
1056 2637 1099 2671 de
1119 2637 1186 2673 civ.
1204 2639 1248 2673 D
1264 2639 1327 2674 ΙΙΙ.
1352 2639 1387 2674 7.
1419 2640 1544 2674 IDEM

152 2677 190 2712 in
244 2690 338 2722 pime
354 2690 406 2713 ro.

247 2736 406 2770 137.10.
441 2737 517 2770 Has
549 2737 685 2771 litteras
717 2738 774 2771 vcl
806 2750 848 2771 ex
873 2739 1002 2774 Galliis
1032 2741 1090 2774 vel
1120 2753 1161 2775 ox
1185 2742 1349 2776 African
1372 2735 1544 2787 Pompeio

152 2781 298 2823 scriptas
321 2783 365 2816 ad
390 2782 527 2826 8)113ηι
560 2784 736 2826 arbitr-,or
770 2784 896 2826 quibus
921 2785 954 2820 in
980 2798 1019 2829 pr
1021 2787 1166 2821 >vinciis
1198 2790 1362 2822 manduto
1388 2790 1460 2826 eius
1457 2791 1541 2826 «lem

154 2827 337 2908 &catoris
364 2829 500 2863 naviter
531 2829 714 2877 pugnauit.
761 2830 849 2865 Vide
879 2832 1111 2869 Plutarchum
1143 2834 1178 2869 iu
1201 2836 1324 2881 l'.omp
1352 2837 1444 2890 VIII.
1460 2840 1541 2905 XI
