1968 3346
429 218 514 260 206
717 213 1135 257 FRAGMENTA
1173 214 1222 255 L.
1252 214 1529 258 XXL—XL.

348 336 404 375 20
434 324 717 397 Μαρκέλλου
732 321 776 368 δ’
805 320 1136 394 ἀποστήσαντος
1161 322 1324 382 μικρόν
1349 340 1392 368 τι
1414 324 1494 376 τὰς
1521 324 1712 381 ὁλκάδας

430 382 455 427 ὁ
485 383 630 439 γέρων
658 379 792 425 πάλιν
819 379 1016 432 ἅπαντας
1046 386 1165 425 ποιεῖ
1188 383 1533 454 Συρακουσίους

430 440 701 511 μετεωρίζειν
732 437 954 482 δύνασθαι
985 441 1143 489 λίθους
1173 437 1457 494 ἁμαξιαίους,

430 496 505 540 καὶ
534 495 613 539 τόν
640 495 810 539 καθένα
837 494 1063 566 πέμποντα
1089 497 1313 566 βυθίζειν
1319 512 1397 546 τας
1427 494 1630 549 ὁλκάδας.

434 552 492 603 ὠς
522 552 803 623 Μάρκελλος
816 549 858 595 δ’
890 550 1100 623 ἀπέστησε
1129 551 1267 608 βολὴν
1296 551 1463 603 ἐκείνας
1490 553 1648 608 τόξου,

350 618 406 662 25
434 608 653 680 ἑξάγωνόν
671 625 723 652 τι
749 607 1002 663 κάτοπτρον
1032 609 1255 679 ἐτέκτηνεν
1285 607 1309 652 6
1339 608 1507 679 γέρων·

437 664 522 710 άπὸ
553 665 599 709 δὲ
630 665 922 735 διαστήματος
950 665 1204 737 συμμέτρου
1233 682 1313 709 του
1344 665 1597 721 κατόπτρου

437 723 573 792 μικροὶ
601 726 787 766 τοιαῦτα
815 721 1040 777 κάτοπτρα
1067 723 1163 773 θεὶς
1190 726 1409 776 τετραπλᾶ
1437 726 1644 778 γωνίαις,

435 778 677 836 κινούμενα
707 780 848 822 λεπίσι
875 794 921 822 τε
949 781 1025 823 καί
1052 789 1138 822 τισι
1166 781 1463 849 γιγγλυμίοις,

436 836 572 892 μέσον
601 837 741 880 έκεῖνο
771 835 964 878 τέθεικεν
996 833 1186 880 ἀκτίνων
1213 839 1302 879 τῶν
1333 835 1463 891 ἡλίου

352 904 408 944 3ο
437 896 733 964 μεσημβρινῆς
761 893 835 935 καὶ
862 896 1046 948 θερινῆς
1073 893 1149 935 καὶ
1173 892 1516 962 χειμεριωτάτης.

437 949 758 1003 ἀνακλωμένων
782 949 828 993 δὲ
857 950 1016 992 λοιπὸν
1045 951 1106 999 εἰς
1133 953 1267 992 τοῦτο
1296 965 1385 992 των
1414 947 1607 992 ἀκτίνων

436 1007 584 1059 ἔξαψις
606 1005 726 1062 ἤρθη
744 1004 929 1075 φοβερὰ
963 1006 1173 1077 πυρώδης
1201 1011 1297 1057 ταῖς
1326 1004 1501 1056 ὁλκάσι,

434 1064 510 1108 καὶ
539 1063 699 1114 ταύτας
729 1061 1038 1116 άπετέφρωσευ
1069 1063 1117 1106 ἐκ
1144 1061 1312 1132 μήκους
1338 1040 1595 1133 τοξοβόλου.

437 1119 554 1163 οὕτω
581 1124 683 1163 νικᾶ
712 1119 790 1162 τὸν
820 1119 1088 1172 Μάρκελλον
1117 1125 1212 1170 ταῖς
1235 1124 1449 1176 μηχαναῖς
1479 1117 1503 1163 ὁ
1534 1119 1688 1176 γέρων.

354 1187 408 1229 35
440 1177 554 1232 ἔλεγε
585 1177 631 1220 δὲ
660 1177 734 1219 καὶ
763 1176 958 1230 Δωριστὶ
987 1192 1115 1232 φωνη
1147 1177 1458 1233 Συρακουσία,

441 1238 516 1292 Πᾷ
539 1237 605 1291 (303
635 1233 708 1276 καὶ
736 1234 990 1302 χαριστίωνι
1020 1233 1101 1276 τὰν
1130 1250 1214 1288 γαν
1243 1232 1408 1303 κινήσω
1437 1236 1607 1284 πᾶσανς

354 1299 410 1342 45
440 1293 568 1342 οὑτος
597 1288 709 1333 κατά
735 1288 968 1359 Διόδωρον
999 1293 1075 1359 τῆς
1103 1289 1400 1360 Συρακούσης
1428 1288 1610 1361 ταύτης

438 1345 666 1402 προδότου
701 1345 811 1400 πρὸς
839 1345 919 1389 τὸν
949 1345 1217 1416 Μάρκελλον
1246 1345 1427 1400 ἀθρόως
1449 1346 1715 1419 γενομένης,

439 1406 522 1447 ε’ίτε
551 1420 662 1446 κατα
690 1402 768 1445 τὸν
798 1404 951 1445 Δίωνα
979 1400 1208 1458 Ρωμαίοις
1236 1405 1561 1475 πορθηθείσης,

433 1459 651 1515 Ἀρτέμιδι
679 1463 770 1501 τῶν
799 1462 990 1502 πολιτῶν
1017 1459 1112 1503 τότε
1132 1461 1520 1531 παννυχιζόντων,

356 1525 412 1567 50
440 1514 790 1576 τοιουτοτρόπως
816 1516 1028 1570 τέθνηκεν
1056 1515 1145 1558 υπό
1175 1533 1295 1567 τινος
1318 1515 1552 1583 Ῥωμαίου.

439 1577 495 1630 ἡν
524 1573 728 1643 κεκυφὼς
760 1571 1014 1642 διάγραμμα
1045 1570 1291 1632 μηχανικόν
1321 1590 1362 1615 τι
1392 1571 1602 1628 γράφων·

438 1631 502 1682 τὶς
533 1630 579 1673 δὲ
601 1627 812 1683 Ῥωμαῖος
841 1627 1016 1679 ἐπιστας
1046 1626 1186 1672 εἷλκεν
1191 1630 1554 1698 αἰχμαλωτίζων.

442 1686 466 1731 ὁ
497 1688 541 1731 δὲ
569 1689 653 1730 τοῦ
684 1685 1013 1755 διαγράμματος
1044 1685 1146 1736 ὅλος
1175 1684 1383 1755 ὑπάρχων
1412 1685 1532 1737 τότε,

439 1746 505 1795 τίς
535 1743 557 1787 ὁ
590 1741 822 1786 καθέλκων
853 1740 935 1785 οὐκ
966 1741 1091 1793 είδως
1122 1743 1235 1797 ἔλεγε
1265 1742 1376 1795 πρὸς
1406 1742 1603 1791 ἐκεῖνον,

353 1808 411 1852 55
439 1800 702 1871 Ἀπόστηθι,
733 1801 768 1842 ὠ
798 1797 1030 1852 α’νθρωπε,
1061 1803 1144 1842 τοῦ
1175 1797 1503 1871 διαγράμματός
1532 1815 1633 1869 μου.

442 1875 499 1910 ως
539 1854 582 1901 6’
628 1854 739 1900 εἷλκε
778 1859 960 1909 τοῦτον,
1012 1857 1319 1917 συστραφεὶς
1328 1856 1401 1899 καὶ
1444 1855 1583 1912 γνούς
1616 1853 1834 1912 Ῥωμαῖον

1276 1910 1413 1963 εἶναι,

439 1970 582 2041 ἐβόα
583 1969 636 2012 Τὶ
664 1966 898 2024 μηχάνημά
930 1984 995 2020 τις
1027 1971 1117 2012 τῶν
1147 1968 1264 2024 έμῶν
1292 1986 1369 2024 μοι
1399 1945 1528 2012 δότω

440 2045 465 2071 ο
498 2027 545 2070 δὲ
570 2025 784 2095 Ρωμαῖος
810 2027 1018 2095 πτοηθεὶς
1049 2023 1186 2076 εὐθὺς
1214 2025 1382 2069 ἐκεῖνον
1410 2027 1589 2075 κτείνει,

440 2083 584 2136 ἄνδρα
615 2081 788 2136 σαθρὸν
818 2082 889 2125 καὶ
920 2081 1130 2137 γέροντα,
1159 2082 1394 2152 δαιμόνιον
1422 2088 1514 2133 τοῖς
1546 2082 1702 2137 ἔργοις.

357 2151 413 2193 60
445 2140 660 2196 ἐθρηνησε
691 2139 738 2182 δὲ
768 2138 1032 2192 Μάρκελλος
1061 2142 1194 2183 τοῦτο
1225 2139 1385 2194 μαθων
1415 2137 1606 2191 εὐθέως,

443 2200 654 2252 λαμπρως
683 2211 727 2238 τε
757 2199 917 2238 τοῦτον
946 2194 1135 2249 ἔκρυψεν
1164 2196 1211 2239 ἐν
1238 2195 1400 2251 τάφοις
1429 2200 1521 2246 τοῖς
1549 2191 1772 2250 πατρῴοις

444 2253 528 2297 σὺν
555 2258 649 2303 τοῖς
680 2251 872 2305 ἀρίστοις
900 2256 1093 2296 πολιτῶν
1123 2252 1198 2295 καὶ
1223 2257 1316 2304 τοῖς
1340 2253 1571 2308 Ρωμαίοις
1600 2255 1723 2294 πᾶσι.

442 2309 520 2353 τὸν
550 2309 596 2353 δὲ
627 2308 769 2380 φονέα
797 2312 880 2351 τοῦ
910 2308 1092 2361 ἀνδρός,
1127 2306 1272 2379 οἶμαι,
1302 2309 1469 2352 πελέκει
1499 2309 1673 2352 κτείνει.

359 2375 415 2420 65
445 2365 469 2412 6
499 2367 625 2411 Δίων
657 2365 730 2411 καὶ
759 2364 988 2422 Διόδωρος
1018 2363 1181 2423 γράφει
1209 2382 1290 2423 την
1319 2367 1530 2422 ἱστορίαν.

1108 2501 1178 2545 LI.

362 2609 419 2650 70
564 2603 766 2658 Αἰμίλιος
810 2602 998 2657 Μάρκος
1040 2602 1268 2673 Ρωμαίων
1314 2602 1482 2655 ὕπατος
1533 2601 1609 2646 καὶ
1659 2600 1905 2656 αριστος643

448 2659 711 2730 στρατηγός,
747 2661 921 2713 Περσέα
951 2660 1101 2731 λαβών
1132 2660 1426 2731 αἰχμάλωτον,
1458 2663 1617 2703 τοῦτον
1645 2658 1724 2712 μὲν
1745 2658 1837 2701 ἅδι-

446 2732 529 2760 κον
556 2716 667 2771 πρὸς
688 2715 933 2771 Ρωμαίους
962 2716 1228 2787 ἐξαγαγόντα
1257 2732 1378 2772 παρα
1406 2734 1482 2769 τας
1509 2714 1744 2785 συνθήκας
1763 2714 1838 2757 πό-

446 2776 580 2829 λεμον
617 2775 676 2825 εἰς
715 2773 953 2830 ἐλευθέραν
993 2771 1180 2820 ἀπέθετο
1221 2773 1448 2833 φυλακήν·
1489 2774 1566 2826 τὰς
1606 2772 1653 2816 δὲ
1689 2769 1838 2822 πόλεις
