1968 3346
420 252 506 293 188
741 243 1174 289 FRAGMENTA
1209 246 1258 289 L.
1287 245 1489 289 VL—x.

1046 356 1188 401 XVII.

531 458 658 503 Μετὰ
688 459 734 504 δὲ
761 458 843 515 τὴν
876 460 1039 514 Τροίας
1068 457 1235 502 ἅλωσιν
1263 461 1408 515 Κᾶρες
1447 457 1712 533 αὐξηθέντες
1738 462 1811 507 ἐπὶ,

419 522 571 562 πλεῖον
607 516 1067 571 ἐθαλαττοκράτησαν,
1116 516 1192 558 καὶ
1237 519 1327 558 τῶν
1371 516 1620 560 Κυκλάδων
1656 518 1807 589 νήσων

419 573 713 630 κρατήσαντες
731 590 854 623 τινας
884 575 963 628 μὲν
993 574 1084 627 ἰδίᾳ
1111 572 1322 626 κατέσχον
1345 574 1420 616 καὶ
1448 573 1553 624 τούς
1582 574 1629 617 ἐν
1653 576 1806 627 αὐταῖς

414 634 732 681 κατοικοῦντας
752 633 930 686 Κρῆτας
951 617 1177 684 ἐξέβαλον,
1209 645 1332 679 τινας
1362 630 1409 673 δὲ
1438 646 1566 687 κοινη
1587 648 1693 686 μετα
1715 637 1806 675 τῶν

360 693 388 737 5
417 687 804 742 προενοικούντων
843 689 1033 742 Κρητῶν
1075 685 1347 754 κατῴκησαν.
1403 687 1591 742 ὕστερον
1630 689 1677 731 δὲ
1715 705 1805 732 των

405 744 626 800 Ἑλλήνων
656 743 937 799 αὐξηθέντων
960 741 1120 798 συνέβη
1143 741 1220 792 τοὶς
1243 744 1420 794 πλείους
1447 748 1536 786 τῶν
1558 744 1804 789 Κυκλάδων

410 801 560 858 νήσων
589 803 843 857 οἰκισθῆναι
871 800 944 843 καὶ
974 799 1079 849 τούς
1118 798 1374 854 βαρβάρους
1404 803 1558 856 Καρας
1586 801 1629 853 ἐξ
1659 801 1804 845 αὐτων

409 859 625 902 ἐκπεσεῖν·
656 858 755 911 περὶ
787 858 848 899 ὠν
878 857 1003 912 (adde
1032 855 1105 911 τὰ)
1133 856 1242 900 κατὰ
1269 855 1401 912 μέρος
1428 857 1476 901 ἐν
1501 862 1594 911 τοῖς
1624 860 1804 911 οἰκείοις

409 915 585 972 χρόνοις
616 912 940 969 ἀναγράψομεν.

522 972 748 1017 Dmdorus
772 973 822 1013 V.
854 973 923 1016 84.

1019 1091 1183 1137 XVIII.

520 1197 627 1253 Περὶ
641 1195 870 1254 Ῥωμύλου
890 1196 965 1239 καὶ
981 1194 1136 1250 Ῥέμου
1156 1193 1395 1247 Διονύσιος
1417 1192 1442 1240 ὁ
1459 1196 1800 1253 Ἁλικαρνασεύς

405 1256 592 1310 ἱστορεῖ,
624 1256 751 1298 Δίων
778 1270 823 1297 τε
852 1254 927 1297 καὶ
956 1237 1106 1296 Διόδω
1112 1268 1203 1306 ρος.

517 1313 698 1357 I'zetzes
729 1311 865 1354 schol.
898 1311 953 1354 ad
985 1310 1169 1368 ExegeS.
1199 1308 1322 1352 Iliad.
1356 1325 1399 1367 p
1425 1311 1518 1355 141
1544 1316 1613 1356 21.

317 1439 374 1480 60
594 1452 597 1454 ’
1038 1435 1164 1479 ΧΙΧ.

315 1544 371 1586 65
503 1536 649 1581 ’Ένιοι
678 1553 759 1594 μεν
797 1533 880 1581 οὖν
908 1540 997 1581 τῶν
1035 1536 1328 1608 συγγραφέων
1356 1536 1652 1592 πλανηθέντες
1679 1534 1792 1581 υπέ-

400 1596 541 1651 λαβον
569 1595 673 1646 τούς
700 1595 798 1649 περὶ
827 1596 906 1638 τὸν
929 1593 1154 1648 Ρωμύλον
1174 1593 1222 1636 ἐκ
1250 1598 1325 1651 τῆς
1356 1595 1536 1637 Αἰνείου
1565 1594 1792 1665 θυγατρός

399 1651 669 1724 γεννηθέντα
697 1652 937 1696 κεκτικέναι
977 1654 1080 1721 την
1095 1649 1287 1707 Ρώμην·
1337 1650 1383 1693 τὸ
1428 1647 1468 1693 6'
1514 1650 1673 1720 άληθὲς
1709 1650 1790 1708 οὐχ

399 1708 542 1760 οὕτως
582 1709 684 1764 ε’χει,
733 1712 910 1752 πολλων
944 1724 1024 1764 μεν
1064 1707 1111 1750 έν
1147 1723 1207 1766 τῳ
1249 1705 1411 1777 μεταξύ
1443 1706 1591 1778 χρόνῳ
1632 1711 1715 1750 τοῦ
1743 1724 1790 1752 τε

312 1773 368 1812 70
401 1768 577 1809 Αἰνείου
618 1766 690 1809 καὶ
715 1764 941 1820 Ῥωμύλου
974 1753 1223 1836 γεγονότων
1262 1763 1500 1835 βασιλέων,
1540 1763 1789 1834 εκτισμένης

396 1823 443 1866 δὲ
464 1827 542 1878 τῆς
561 1821 729 1873 πόλεως
752 1839 861 1866 κατα
884 1821 934 1864 τὸ
959 1821 1202 1875 δεύτερον’
1189 1820 1284 1871 ε’τος
1305 1824 1396 1893 τῆς
1412 1818 1448 1873 ζ’
1477 1818 1785 1876 Ὀλυμπιάδος.

395 1880 506 1935 αὕτη
535 1881 618 1950 γὰρ
640 1898 667 1950 η
690 1882 826 1929 κτίσις
844 1877 1017 1931 ὑστερεῖ
1035 1894 1124 1921 των
1150 1881 1361 1948 Τρωικῶν
1383 1877 1495 1920 ε’τεσι
1518 1878 1634 1931 τρισὶ
1654 1880 1786 1921 πλείω

392 1941 482 1979 τῶν
511 1936 548 1980 υ’
580 1936 655 1979 καὶ
683 1935 731 1979 λ’.
793 1937 972 1986 Αἰνείας
999 1952 1083 1991 γαρ
1104 1936 1210 1990 μετα
1231 1933 1311 1990 τὴν
1332 1933 1498 1978 ἅλωσιν
1517 1938 1592 1990 τῆς
1623 1936 1787 1988 Τροίας

392 1993 500 2036 ἐτων
539 2009 678 2046 τριων
715 1991 1034 2046 παρελθόντων
1063 1992 1323 2060 παρέλαβεν
1336 1991 1414 2046 τὴν
1452 1994 1541 2034 τῶν
1578 1993 1786 2035 Λατίνων

308 2056 364 2097 75
394 2052 640 2119 βασιλείαν,
680 2051 753 2092 καὶ
792 2047 1022 2104 κατασχων
1059 2052 1204 2117 τριετῆ
1241 2046 1406 2117 χρόνον
1445 2048 1487 2098 ἐξ
1529 2045 1785 2118 ἀνθρώπων

393 2104 622 2173 ἠφανίσθη
658 2123 732 2149 και
771 2121 910 2159 τιμων
950 2105 1096 2159 ε’τυχεν
1136 2103 1384 2147 ἀθανάτων.
1435 2120 1531 2173 την
1556 2103 1597 2148 6'
1642 2103 1783 2161 άρχην

392 2161 706 2231 διαδεξάμενος
726 2160 950 2212 Ἀσκάιιος
977 2163 1074 2211 υἱὸς
1106 2161 1271 2204 ἔκτισεν
1291 2160 1454 2229 ’Ἄλβαν
1483 2159 1564 2216 τὴν
1592 2165 1679 2204 νῦν
1708 2179 1783 2204 κα-
1954 2187 1955 2191 =

389 2220 610 2274 λουμένην
641 2217 842 2273 Λόγγαν,
881 2217 937 2274 ην
968 2217 1197 2273 ω’νόμασεν
1228 2215 1314 2260 άπὸ
1344 2220 1426 2260 τοῦ
1456 2222 1659 2286 ποταμοῦ
1696 2221 1782 2262 τοῦ
1949 2194 1956 2325 f

388 2275 485 2319 τότε
516 2293 594 2331 μεν
620 2274 752 2332 Ἀλβα
788 2274 1092 2329 καλουμένου,
1132 2278 1217 2317 νῦν
1246 2274 1292 2317 δὲ
1328 2274 1541 2341 Τιβέρεως
1570 2272 1778 2329 ὀνομαζο-
1954 2294 1957 2321 ι

303 2341 361 2381 80
389 2349 537 2387 μενον
588 2333 688 2385 περι
727 2331 773 2374 δὲ
809 2336 886 2402 τῆς
924 2332 1219 2400 προςηγορίας
1256 2328 1416 2386 ταύτης
1447 2330 1615 2385 Φάβιος
1645 2331 1669 2374 ὁ
1699 2348 1780 2382 τας

383 2389 607 2443 Ρωμαίων
627 2387 800 2444 πράξεις
823 2387 1082 2455 ἀναγράψας
1100 2387 1240 2441 άλλως
1261 2386 1633 2457 μεμυθολόγηκεν.
1667 2389 1778 2457 φησὶ

385 2463 469 2501 γαρ
500 2447 653 2514 Αἰνείᾳ
682 2445 890 2512 γενέσθαι
920 2443 1072 2499 λόγιον
1101 2443 1354 2514 τετράπουν
1377 2442 1496 2512 αὐτῷ
1525 2443 1776 2511 καθηγήσα-

385 2508 493 2546 σθαι
522 2501 630 2557 πρὸς
660 2504 801 2545 κτίσιν
830 2500 1016 2551 πόλεως·
1048 2501 1283 2555 μέλλοντος
1313 2497 1360 2543 δ’
1388 2489 1527 2543 αὐτοῦ
1556 2500 1686 2543 θύειν
1715 2503 1775 2544 sm

299 2567 355 2610 85
385 2560 542 2614 ε’γκυον
581 2563 642 2615 τῷ
682 2558 874 2613 χρώματι
914 2557 1099 2613 λευκήν,
1143 2557 1351 2612 ἐκφυγεῖν
1388 2556 1435 2599 ἐκ
1469 2573 1560 2600 των
1597 2561 1842 2612 χειρων,637

384 2616 458 2661 καὶ
486 2618 840 2671 καταδιωχθηναι
865 2614 978 2670 πρός
1000 2630 1099 2659 τινα
1125 2613 1293 2670 λόφον,
1325 2612 1436 2668 πρὸς
1465 2612 1518 2657 ὃν
1546 2619 1774 2670 κομισθεῖ-

472 2738 553 2774 636.
577 2738 636 2774 69.
667 2740 814 2773 πολλῶν
838 2757 884 2764 -
908 2735 1111 2785 βασιλέων]
1148 2738 1290 2782 longum
1314 2737 1405 2772 enim
1429 2742 1481 2772 est
1504 2737 1594 2771 inter
1616 2738 1772 2772 Aeneam

380 2789 415 2818 et
438 2785 622 2818 Romulum
654 2797 756 2830 reges
789 2786 1021 2820 intervallum.
1076 2785 1132 2819 Ita
1165 2783 1333 2828 interpres
1364 2795 1454 2818 arm.
1484 2794 1505 2816 a
1537 2794 1684 2828 graeco,
1719 2784 1771 2818 uti

379 2842 473 2863 nunc
497 2832 645 2875 legitur,
681 2832 817 2865 abludit
849 2835 955 2866 textu.
981 2831 1075 2866 MAI.
1228 2830 1286 2865 72.
1310 2830 1406 2876 τρισὶ
1436 2830 1582 2865 accessit
1616 2840 1658 2866 ex
1691 2831 1768 2866 MS.

380 2876 484 2911 1764.
506 2882 541 2912 et
564 2878 717 2913 Eusebio
741 2877 905 2912 Armenio
