1968 3346
10 1816 54 1869 Δ[1611

0 1888 22 1913 ιιι

0 1938 26 1970 ισ-

0 2001 24 2027 τι

4 2043 24 2086 ὁὲ

0 2117 24 2142 [si-

5 1761 59 1799 ον’

365 217 667 263 ExcEm’TA
681 192 1123 259 *HosssanLlANA
1150 216 1199 258 L.
1230 215 1365 259 xxv.
1508 217 1567 260 31

244 345 246 347 ’
283 329 559 403 Ἀσδρούβας
588 331 634 374 δὲ
664 327 688 374 ὁ
717 322 914 401 ’γαμβρὸς
948 325 1124 384 Ἀμίλκα
1153 327 1309 384 μαθών
1336 330 1418 372 τοῦ
1442 328 1567 384 κηδε-

176 393 286 434 στοῦ
320 388 369 432 τό
410 386 659 460 ἀκλήρημα,
690 387 850 442 ταχέως
879 369 1114 438 ἀναζεύξας
1142 386 1250 439 πρὸς
1279 402 1357 447 την
1387 385 1561 443 Λευκὴν
1593 391 1650 435 85

177 452 333 502 Λκραν
359 440 517 515 ἦλθεν,
555 445 663 500 εχων
699 445 849 511 θηρία
867 443 1001 512 πλέον
1029 446 1118 485 τῶν
1146 441 1317 484 ἑκατόν.
1352 444 1488 493 οὖτος
1518 443 1565 486 δὲ

174 502 417 558 στρατηγός
447 500 761 556 ἀναγορευθεὶς
790 498 878 542 ὑπό
909 516 953 542 τε
982 516 1062 541 του
1090 503 1201 541 λαοῦ
1231 499 1305 542 καὶ
1337 501 1564 554 Καρχηδο-

174 563 283 603 νίων
311 559 699 612 πεντακιςμυρίους
727 557 958 612 ἐμπείρους
991 553 1148 608 πεζούς
1177 555 1373 606 συνέλεξε
1401 558 1474 599 καὶ
1496 558 1566 599 ἱπ-

174 622 268 668 πεῖς
298 616 625 684 ἑξακιςχιλίους,
667 613 901 667 ἐλέφαντας
931 613 976 656 δὲ
1011 614 1276 666 διακοσίους.
1316 612 1563 680 πολεμήσας

174 673 223 716 δὲ
266 676 444 726 πρῶτον
487 670 565 714 τὸν
601 668 821 723 Ὀρισσῶν
871 669 1049 725 βασιλέα
1099 669 1346 734 κατέσφαγε
1392 667 1561 720 πάντας
1590 675 1647 718 90

172 728 280 779 τούς
310 730 475 777 αἰτίους
502 732 578 783 τῆς
605 725 778 781 Ἀμίλκα
806 731 959 795 φυγῆς.
983 725 1201 781 παρέλαβε
1232 725 1278 768 δὲ
1300 724 1377 775 τὰς
1409 724 1561 777 πόλεις

174 783 345 837 αὐτῶν,
386 783 521 834 οὔσας
550 783 741 835 δωδεκα,
784 784 858 826 καὶ
896 781 1038 833 πασας
1075 799 1153 833 τας
1182 782 1328 832 πόλεις
1351 781 1561 853 Ἰβηρίας

171 840 313 911 γήμας
341 840 387 884 δὲ
416 845 605 894 γυναῖκα
635 841 730 908 ἔσχε
758 841 982 908 θυγατέρα
1012 838 1222 908 βασιλέως
1246 838 1455 909 Ἰβήρου,
1470 837 1561 882 ὑπὸ

171 897 350 941 πάντων
378 902 467 940 τῶν
493 896 681 952 Ἰβήρων
704 895 982 964 ανηγορεύθη
1002 895 1239 951 στρατηγὸς
1261 893 1561 950 αυτοκράτωρ
1591 901 1648 944 95

172 954 281 997 ὅθεν
300 954 436 998 ἔκτισε
456 956 823 1007 παραθαλασσίαν
842 953 985 1001 πόλιν,
1015 952 1072 1009 ἣν
1089 951 1412 1008 προςηγόρευσε
1434 951 1564 995 Νέαν

170 1011 450 1081 Καρχηδόνα,
483 1011 555 1053 καὶ
582 1009 733 1062 ἑτέραν
761 1010 890 1054 πόλιν
919 1010 1121 1062 ὕστερον,
1152 1010 1296 1052 θέλων
1320 1009 1400 1066 τὴν
1426 1007 1567 1065 Ἀμίλ-

175 1084 234 1111 κα
273 1067 461 1122 δύναμιν
500 1066 759 1123 ὑπερβηναι.
800 1068 875 1110 καὶ
910 1067 1193 1120 ἐστρατευσεν
1222 1065 1564 1136 ἓξακιςμυρίους,

173 1125 318 1175 ιππεῖς
365 1123 753 1195 ὀκτακιςχιλίους,
777 1123 929 1193 ελέφαι
930 1141 1014 1175 τας
1071 1125 1336 1195 διακοσίους
1385 1121 1474 1167 ὑπὸ
1518 1123 1565 1166 δὲ
1595 1126 1677 1167 100

172 1180 346 1225 οἰκέτου
376 1181 707 1238 ἐπιβουλευθεὶς
737 1179 927 1238 ἐσφάγη,
972 1179 1272 1237 στρατηγησας
1312 1181 1382 1236 ε’τη
1424 1179 1567 1223 ἐννέα.

282 1265 443 1308 Κελταὶ
481 1263 527 1308 δε
568 1281 674 1320 μετα
717 1268 927 1308 Γαλατῶν
966 1281 1076 1308 κατα
1107 1263 1334 1321 Ῥωμαίων
1369 1262 1565 1317 πόλεμον

173 1319 461 1376 ἀθροίσαντες
491 1323 684 1376 συνῆξαν
722 1321 832 1365 λαόν
862 1339 940 1377 μτ·
928 1339 995 1364 ἠε
988 1321 1079 1372 δας
1123 1324 1284 1372 εἶ’,κοσι
1323 1321 1397 1364 καὶ
1434 1336 1565 1373 πρω-

170 1395 251 1422 τον
269 1378 348 1433 μὲν
365 1378 556 1432 πόλεμον
577 1379 804 1433 ἐνίκησαν·
830 1379 903 1421 καὶ
918 1364 1122 1432 δεύτερον
1138 1377 1459 1447 προςβαλόντες
1479 1377 1563 1419 ἐνι-
1593 1377 1620 1421 5

170 1440 324 1506 κησαν,
345 1434 519 1478 ἀνεῖλον
537 1434 582 1478 δὲ
600 1436 673 1477 καὶ
696 1434 775 1478 τὸν
798 1435 874 1477 ἕνα
893 1433 1157 1489 Ρωμαίων
1136 1436 1322 1478 ὕπατον.
1349 1433 1562 1490 Ρωμαῖοι

171 1491 218 1535 δὲ
247 1492 319 1535 καὶ
351 1491 478 1535 αὐτοὶ
509 1491 677 1547 ε’χοντες
717 1496 857 1545 πεζῶν
886 1492 1102 1546 μυριάδας
1133 1490 1464 1561 ἑβδομήκοντα,
1487 1491 1563 1532 ἴπ-

169 1547 287 1591 πέων
317 1549 364 1591 δὲ
392 1547 779 1603 επτακιςμυρίους,
820 1552 910 1590 τῶν
942 1547 1023 1591 δύο
1069 1549 1269 1603 πολέμων
1306 1545 1560 1618 ἡττημένων

163 1603 412 1660 Ρωμαίων,
442 1609 503 1663 τῷ
532 1607 664 1661 τρίτῳ
695 1604 869 1672 πολέμῳ
900 1622 1009 1648 κατα
1037 1604 1195 1659 κράτος
1226 1605 1433 1659 ἐνίκησαν
1458 1603 1563 1646 Ρω-

171 1667 316 1717 μαῖοι,
359 1662 433 1704 καὶ
472 1659 647 1704 ανεῖλον
685 1650 903 1716 μυριάδας
932 1663 1167 1731 τέσσαρας,
1203 1662 1276 1705 καὶ
1312 1660 1414 1711 τοὺς
1443 1676 1558 1703 υπο-
1592 1666 1646 1706 10

176 1720 359 1768 λοίπους
388 1717 660 1773 ἐζώγρησαν,
694 1717 796 1785 ω’ςτε
827 1720 899 1760 καὶ
929 1717 1007 1760 τὸν
1037 1719 1240 1786 μέγιστον
1269 1716 1416 1760 αὐτῶν
1445 1720 1567 1786 βασι-

106 1775 249 1817 519λέα
277 1774 438 1817 ἑαυτοῦ
467 1776 642 1826 θερίσαι
670 1774 749 1816 τόν
778 1772 1014 1829 τράχηλον,
1051 1776 1130 1817 τόν
1161 1775 1206 1818 δε
1238 1773 1446 1826 δεύτερον
1488 1771 1565 1816 αὖ-

171 1835 254 1874 τοῦ
284 1834 423 1883 ζῶντα
450 1836 646 1885 ποιῆσαι.
676 1830 723 1874 ἐκ
756 1830 803 1873 δὲ
840 1830 1003 1874 τούτου
1043 1836 1124 1875 τοῦ
1163 1829 1564 1900 ιῖνδραγαθήματος

171 1886 426 1938 ἀνθύπατος
454 1887 690 1942 γενόμενος
715 1888 909 1943 Αἰμίλιος
925 1888 1126 1944 κατέδρα
1118 1905 1164 1931 ιιε
1195 1887 1274 1943 τὴν
1294 1886 1442 1942 χώραν
1471 1890 1563 1929 τῶν

171 1947 383 1987 Γαλατῶν
421 1944 495 1987 καὶ
532 1947 732 1990 Κελτῶν,
775 1945 849 1986 καὶ
887 1927 1071 1996 πολλὰς
1080 1946 1226 1995 πόλεις
1256 1946 1331 1987 καὶ
1360 1943 1560 2000 φρούρια
1591 1948 1645 1991 15

170 1997 276 2052 εἷλε,
308 2001 381 2044 καὶ
411 1998 622 2057 ὠφελείας
649 2004 812 2057 πολλῆς
842 2000 1063 2058 ἐπλήρωσε
1093 2019 1174 2059 την
1199 2001 1378 2057 Ρωμην.

279 2083 424 2139 Ἱέρων
465 2085 511 2129 δὲ
553 2083 576 2129 ὁ
618 2085 818 2142 βασιλεὺς
858 2087 1119 2143 Συρακόσης
1149 2088 1208 2137 εἷς
1236 2085 1315 2129 τὸν
1347 2084 1560 2129 Κελτικὸν
1589 2085 1619 2125 4

101 2135 105 2143 ’
170 2140 365 2213 πιὲλεμον
398 2141 625 2197 Ρωμαίοις
666 2148 787 2186 σῖτον
817 2141 1056 2194 απέστειλε,
1099 2148 1282 2199 βοηθῶν
1313 2142 1560 2211 Ρωμαίοις,

174 2201 229 2243 οὐ
259 2216 333 2242 και
361 2215 441 2254 την
470 2199 599 2254 τιμὴν
623 2199 746 2254 ἔλαβε
768 2200 872 2267 μετὰ
890 2217 968 2255 την
990 2218 1070 2243 του
1093 2201 1287 2255 πολέμου
1305 2199 1557 2243 κατάλυσιν.
1588 2200 1644 2239 20

286 2258 414 2298 Μετὰ
455 2256 499 2298 δε
538 2273 630 2325 την
646 2257 824 2312 σφαγὴν
859 2257 1103 2328 Ἀσδρούβα
1140 2261 1221 2300 τοῦ
1252 2258 1562 2312 Καρχηδονίου
1591 2255 1621 2296 5

174 2308 384 2367 ἀναρχίας
408 2311 556 2369 οὔσης,
586 2312 663 2356 τὸν
683 2316 861 2370 μείζονα
885 2315 987 2358 υἱόν
1011 2313 1185 2370 Ἀμίλκα
1205 2311 1410 2370 Ἀννίβαν
1432 2324 1560 2369 στρα·

173 2400 231 2435 84.
257 2400 451 2447 ἄκλήρημα
474 2405 591 2440 Rhod.
605 2429 615 2446 ‚
649 2402 856 2463 οἷκλήτριμοι
877 2405 914 2439 Π
1079 2404 1136 2440 86.
1160 2403 1352 2450 εκατόν]ρ
1354 2402 1424 2438 Ἠ

173 2447 230 2481 87
255 2453 595 2493 πεντακιςμυρίους]
631 2454 804 2494 εμυρίους
834 2453 871 2485 H
903 2455 936 2485 et
969 2462 1052 2487 mox
1085 2463 1118 2496 ς
1255 2452 1314 2485 90.
1333 2419 1561 2495 κατέσφαγε]

173 2493 283 2529 immo
309 2509 394 2530 κατε
391 2496 534 2541 ’,σφαξε
559 2497 649 2530 sicut
672 2499 724 2531 ed.
744 2498 932 2541 Bipontina
1052 2498 1110 2531 91.
1131 2494 1274 2542 Ἀμίλκα
1295 2498 1429 2550 φυγῆς
1431 2498 1562 2537 Rhod„

172 2536 365 2596 'Apunayryq
380 2543 416 2575 Π
549 2544 610 2598 92.
637 2541 794 2589 δώδεκα]
828 2543 874 2590 ιβ’
899 2544 936 2577 Η
1057 2543 1179 2584 πάσας
1203 2546 1318 2578 Rhod.
1335 2570 1344 2587 ‚
1378 2542 1503 2577 πάσαν
1527 2543 1564 2576 H

266 2587 324 2620 97.
347 2586 517 2633 ὕστερον]
543 2587 705 2634 &mocon
728 2592 763 2623 H
888 2589 1060 2635 εξακιςμ]
1097 2603 1165 2636 ςμ.
1199 2592 1250 2624 H:
1288 2596 1368 2624 ante
1392 2590 1427 2622 id
1463 2586 1502 2632 &2
1503 2601 1564 2622 ων

173 2631 308 2675 πεζοὺς
340 2635 437 2669 addit
468 2636 583 2668 Rhod.
724 2637 781 2670 99.
807 2634 1105 2681 ὀκτακιςχιλίους]
1135 2651 1167 2684 η
1201 2638 1236 2670 11
1377 2637 1409 2669 1.
1440 2633 1564 2677 ἐννέα]

173 2678 214 2714 θ’
238 2681 275 2713 Η
391 2681 424 2714 ⁹.
448 2683 595 2726 Κελται]
623 2683 752 2717 Κελτοὶ
777 2672 1324 2726 οι1.ΒΙιοι1.3.συνῆξαν]
1352 2681 1512 2725 σύνηξαν
1529 2681 1567 2715 Η

175 2726 303 2770 εἴκοσι]
330 2724 360 2760 κ’
392 2728 427 2760 11
543 2728 577 2761 (ι.
601 2728 865 2773 ἑβδομήκοντα]
903 2728 922 2764 ό
956 2730 1011 2764 Π.
1044 2733 1118 2764 tum
1147 2729 1186 2765 ἐν
1219 2729 1288 2765 δύο
1328 2726 1368 2762 δε
1391 2726 1568 2773 πολέμοις

173 2772 292 2805 Rhod.
406 2774 440 2808 7.
467 2773 523 2807 10.
547 2774 735 2830 τέσσαρας]
764 2774 796 2810 δ’
816 2777 852 2809 ll

265 2819 343 2852 512
369 2819 426 2854 12
450 2816 584 2865 αὐτοῦ]
608 2818 670 2858 ὑπ’
694 2820 813 2858 αὐτοῦ
838 2821 956 2857 Rhod.
1083 2821 1141 2857 14.
1169 2823 1333 2867 Αἰμίλιος
1357 2821 1412 2856 ed.
1442 2820 1567 2865 Wess„

174 2863 347 2911 Λίμήλιος
369 2866 406 2902 H
