1968 3346
636 689 685 730 L.
743 686 1077 729 XXXIII.

112 864 200 911 941.
235 831 372 906 Οτι
402 859 614 906 οὐδέποτε
636 861 864 916 συμφοραὶ
891 862 1147 917 τηλικαῦται
1175 857 1256 914 τήν
1268 854 1454 902 Ἑλλάδα
1483 873 1558 902 κα

167 925 326 995 τέσχον
350 921 434 993 ἀφ’
463 923 570 968 ὅτου
600 922 772 991 μνήμης
800 925 1024 993 ἱστορικῆς
1047 923 1094 964 αἱ
1119 919 1296 974 πράξεις
1323 919 1559 975 τετεύχασι.

169 982 244 1026 διὰ
271 998 357 1051 γαρ
387 979 468 1050 τὴν
495 977 746 1035 ὑπερβολήν
772 983 860 1022 τῶν
889 976 1210 1047 ἀκληρημάτων
1240 976 1341 1022 οὔτε
1358 979 1559 1048 γράφων

169 1056 235 1090 τις
268 1037 369 1082 οὔτε
398 1035 714 1105 ἀναγινώσκων
744 1035 940 1089 ἄδακρυς
970 1035 1027 1078 ἂν
1054 1034 1242 1091 γένοιτο.
1284 1033 1367 1104 ἐγω
1400 1035 1446 1077 δὲ
1475 1032 1559 1076 οὐκ

171 1093 323 1150 ἆγνοω
350 1093 429 1162 μὲν
465 1092 534 1136 ὅτι
572 1090 810 1146 πρόςαντὲς
839 1093 928 1136 ἐστι
957 1095 1207 1148 μεμνησθαι
1236 1095 1326 1134 τῶν
1351 1089 1615 1158 Ἑλλάδος5

171 1148 507 1220 δυςτυχημάτων
548 1150 623 1193 καὶ
668 1154 762 1200 τοῖς
801 1149 1120 1218 ἐπιγινομένοις
1159 1147 1232 1191 διὰ
1270 1151 1346 1202 τῆς
1384 1151 1560 1202 γραφῆς

170 1205 468 1264 παραδιδόναι
494 1204 549 1249 τὰ
576 1205 829 1263 πραχθέντα
867 1204 980 1262 πρὸς
1009 1203 1193 1249 αἰώνιον
1222 1203 1419 1263 μνημην·
1461 1203 1558 1248 ἀλλ’

308 1333 389 1367 105.
418 1333 449 1368 1.
480 1328 674 1375 οὐδέποτε]
704 1332 790 1368 eod.
814 1327 888 1365 ὦδε
909 1328 1010 1365 ποτέ.
1044 1332 1141 1364 ΜΑΙ.

310 1379 390 1414 105.
417 1379 450 1412 1.
485 1377 716 1433 τηλικαῦται]
743 1379 829 1411 Cod.
853 1377 1068 1432 τηνικαῦτα.
1102 1378 1200 1412 ΜΑΙ.

309 1425 389 1459 105.
414 1425 450 1459 3.
484 1424 553 1468 τήν
576 1422 799 1480 ὑπερβολήν]
824 1425 889 1468 τῆς
912 1421 1120 1468 ὑπερβολῆς
1144 1424 1201 1458 ed.
1226 1423 1328 1457 Rom.

310 1471 390 1509 105
413 1471 449 1506 3.
483 1469 587 1516 οὔτε]
613 1472 740 1516 incipit
764 1472 896 1507 codicis
920 1484 954 1517 p.
979 1470 1058 1507 13.5

262 1583 403 1619 105-1.
443 1585 484 1623 Si
507 1585 553 1620 ad
575 1584 696 1621 Photii
720 1584 881 1631 eclogas,
913 1587 1020 1629 prout
1049 1586 1130 1619 sunt
1157 1583 1194 1618 in
1218 1581 1430 1617 editionibus
1452 1580 1564 1625 respi

171 1629 327 1672 ciamus,
348 1641 461 1675 neque
484 1631 660 1672 XXXIII,
683 1643 795 1674 neque
819 1631 963 1665 XXXV.
997 1630 1144 1664 Diodori
1160 1630 1291 1664 librum
1310 1629 1452 1662 videtur
1466 1628 1564 1662 Pho-

171 1677 242 1712 tius
265 1656 402 1722 legisse.
449 1678 520 1712 Sed
542 1678 634 1711 enim
658 1678 761 1722 plane
785 1682 936 1719 constat,
959 1677 1082 1711 Photii
1103 1678 1220 1710 locum
1245 1675 1374 1709 codicis
1396 1674 1564 1709 ccnxlv

171 1728 375 1768 corruptum
398 1735 493 1766 esse,
517 1724 577 1758 ubi
601 1723 653 1757 ait
675 1724 784 1757 lectos
808 1734 830 1757 a
853 1734 890 1757 se
907 1723 1054 1757 Diodori
1079 1723 1187 1757 libros
1204 1721 1423 1767 trigesimum
1441 1731 1566 1754 secun-

171 1770 256 1803 dum
288 1769 529 1814 (trigesimum
559 1770 740 1814 quartum)
774 1770 1084 1814 quadragesimum
1118 1773 1300 1809 octavum,
1340 1767 1566 1821 trigesimum

170 1815 345 1860 primum,
370 1816 578 1860 secundum,
603 1819 784 1861 quartum,
807 1819 964 1858 sextum,
987 1814 1208 1860 trigesimum
1223 1814 1431 1858 septimum,
1453 1812 1566 1857 trige-

170 1861 302 1897 simum
320 1865 486 1896 octavum
509 1863 564 1907 λβ.
592 1862 673 1906 [λδ.]
699 1874 763 1905 μη.
787 1863 842 1897 λοι.
866 1862 900 1908 β.
926 1863 961 1897 δ.
987 1873 1020 1900 ς.
1043 1862 1093 1903 λζ.
1117 1864 1174 1906 λη.
1219 1859 1343 1894 Sane‘
1331 1871 1368 1893 m
1385 1859 1567 1893 codicibus

171 1918 312 1951 quoque
333 1908 506 1942 vaticanis
527 1907 650 1942 Photii
672 1908 809 1941 duobus
832 1919 941 1951 aeque
964 1908 1132 1941 mendosa
1154 1907 1328 1951 scriptura
1350 1910 1419 1947 est3
1453 1916 1566 1948 neque

170 1957 290 1992 tamen
321 1954 505 2009 quisquam
538 1954 606 1988 sibi
637 1953 860 1997 persuadebit
891 1954 1021 1988 lectum
1052 1964 1076 1987 a
1097 1953 1225 1988 Photio
1256 1953 1387 1986 librum
1419 1950 1567 1985 Diodori

172 2000 266 2033 XLV
268 2000 339 2042 111,
363 2001 424 2044 qui
446 2000 562 2034 nullus
585 2010 755 2042 umquam
774 1999 858 2042 fuit3
880 1999 1086 2043 praesertim
1105 2011 1214 2042 quum
1229 1999 1303 2042 ipsc
1319 1997 1465 2032 Photius
1489 1997 1566 2030 cod.

171 2045 291 2086 LXX,
323 2047 559 2091 quadraginta
589 2051 724 2081 tantum
758 2045 827 2080 fui
816 2057 865 2079 se
888 2046 1036 2080 Diodori
1065 2045 1174 2079 libros
1206 2045 1399 2080 confirmet.
1446 2044 1567 2086 Quare

171 2094 208 2126 et
231 2091 509 2126 Rhodomannus
533 2096 673 2125 coactus
697 2095 750 2126 est
771 2092 997 2127 manifestum
1020 2091 1248 2127 librariorum
1270 2101 1426 2125 errorem
1449 2089 1567 2124 corri-

172 2148 276 2183 gere,
301 2142 336 2172 et
359 2138 552 2173 XXXVIII
573 2137 727 2171 scribere
748 2149 811 2182 pro
835 2138 999 2179 XLVIII,
1022 2138 1059 2172 id
1081 2142 1133 2172 est
1151 2137 1340 2172 materiam
1358 2135 1432 2171 ficti
1448 2134 1567 2170 octavi

172 2183 438 2230 quadragesimi
472 2183 510 2218 in
541 2183 724 2228 trigesimo
756 2189 882 2218 octavo
905 2196 1044 2227 ponere.
1093 2184 1231 2218 Rursus
1260 2183 1325 2217 ina
1347 2181 1566 2226 perturbatio

173 2230 410 2264 numeralium
441 2234 606 2264 notarum
645 2229 731 2264 satis
762 2229 875 2264 innuit
905 2230 1010 2264 huius
1039 2229 1110 2263 loci
1143 2229 1411 2273 corruptionem.
1466 2229 1566 2273 Ergo

172 2278 308 2309 retento
341 2279 467 2311 octono
499 2280 663 2313 notarum
697 2287 843 2310 numero
874 2275 1037 2320 (excepta
1068 2276 1132 2310 illa
1154 2275 1286 2310 scilicet
1308 2279 1392 2309 nota
1414 2285 1506 2318 quae
1528 2275 1567 2307 in

172 2321 374 2365 parenthesi
396 2321 467 2366 est)
499 2322 560 2356 sed
592 2333 716 2357 earum
746 2322 918 2367 qualitate
947 2322 1151 2364 emendata,
1183 2321 1234 2356 sic
1256 2322 1378 2365 legere
1397 2320 1482 2354 licet
1505 2323 1566 2355 λα.

174 2367 230 2412 λβ.
254 2369 307 2412 λγ.
331 2369 386 2402 λδ.
414 2370 463 2403 λε.
488 2370 543 2406 λς.
568 2369 618 2409 λζ
641 2370 696 2412 λη.
730 2367 767 2401 id
802 2372 854 2402 est
886 2379 908 2402 a
939 2368 1060 2403 XXXI
1085 2368 1130 2402 ad
1152 2367 1351 2402 XXXVIII.
1398 2367 1567 2401 Profecto

174 2412 371 2454 eclogarius
399 2424 536 2467 quoque
566 2414 762 2448 waiesianus
793 2413 923 2458 legisse
953 2415 1091 2448 videtur
1124 2418 1284 2456 excerpta
1315 2423 1339 2448 a
1368 2412 1489 2467 XXXI
1519 2412 1567 2446 ad

174 2458 369 2500 XXXVII,
403 2458 540 2493 omissis
571 2460 662 2494 notis
685 2460 858 2494 librorum
881 2460 1040 2494 XXXIII
1064 2463 1098 2493 et
1122 2460 1279 2501 XXXV,
1311 2459 1404 2503 quod
1427 2458 1487 2492 vix
1511 2462 1566 2492 ta-

173 2515 254 2539 men
278 2505 446 2539 credibile
470 2509 600 2548 putem.
648 2507 844 2549 Utcumque
868 2518 905 2540 se
928 2506 958 2539 is
961 2511 997 2540 ta
1019 2506 1170 2547 habent,
1203 2516 1309 2539 ausus
1332 2515 1410 2538 sum
1431 2504 1566 2538 librum

174 2550 326 2585 XXXII.
350 2562 372 2585 a
395 2550 561 2586 XXXIII.
589 2550 764 2584 dividere:
795 2552 857 2585 ille
881 2552 973 2585 enim
997 2551 1080 2585 satis
1103 2530 1175 2585 iani
1208 2551 1299 2585 mihi
1322 2551 1444 2594 plenus
1467 2549 1567 2583 vide-

173 2596 279 2630 batur
308 2598 414 2631 rebus
444 2596 612 2641 syriacis,
647 2597 911 2639 rhodiensibus‚
941 2597 1121 2638 lusitanis,
1153 2597 1248 2631 bello
1271 2595 1498 2639 Masinissae,
1531 2598 1567 2630 et

174 2642 280 2679 tertio
304 2642 458 2677 maxime
490 2643 773 2687 carthaginiensi.
821 2644 860 2677 ln
891 2643 1083 2687 posteriore
1114 2647 1232 2676 autem
1255 2641 1438 2676 commode
1458 2653 1566 2686 pone-

174 2688 259 2723 bam
294 2689 425 2723 bellum
456 2688 541 2722 item
573 2689 768 2723 maximum
803 2693 838 2723 ot
872 2690 979 2723 fatale
1009 2690 1250 2730 Achaeorum,
1286 2688 1378 2732 quod
1410 2687 1566 2722 breviter

173 2734 281 2770 scribi
313 2747 382 2768 non
415 2735 547 2777 potuit,
589 2740 624 2769 et
647 2735 800 2768 Y‘iriithi
824 2735 996 2778 Brutique
1029 2735 1180 2780 guilaeci
1211 2738 1329 2779 gestas
1360 2745 1425 2769 res.
1470 2733 1511 2767 ld
1534 2733 1565 2767 si

173 2791 274 2815 secus
294 2781 404 2816 alicui
427 2780 587 2821 videtur,
617 2781 787 2815 inscribat
817 2782 952 2815 librum
984 2782 1036 2815 uti
1060 2781 1174 2814 solet:
1211 2780 1271 2814 sed
1294 2785 1411 2814 tamen
1435 2779 1562 2813 memi-

174 2826 285 2867 nerit,
314 2828 452 2861 nullum
475 2827 620 2861 Diodori
643 2828 773 2865 librum
797 2829 843 2864 ab
866 2827 1047 2875 eclogario
1070 2826 1231 2870 vaticano
1255 2825 1487 2874 praetermitti
1509 2824 1564 2861 in-

175 2871 323 2909 libatum
345 2873 469 2910 solere.
506 2873 604 2908 MAI
