1968 3346
475 196 560 237 158
587 189 888 235 EXCERPTA
916 190 989 233 DE
1018 189 1172 232 VIRT.
1202 192 1280 233 ΕΤ
1309 190 1423 232 VIT.
1451 192 1500 232 L.
1530 193 1724 237 XXXVI.
1726 195 1870 238 —XL.

476 301 710 376 πεφευγώς
737 302 786 347 ἐν
823 305 879 360 τῇ
917 301 1214 358 διώρυγι·οἱ
1250 302 1296 345 δὲ
1324 300 1374 345 ἐν
1401 319 1471 372 τη
1480 301 1626 373 Ῥώμῃ
1654 305 1729 349 καὶ
1757 302 1870 350 κατὰ

475 361 554 413 τοὶς
583 362 631 405 ἐν
655 359 815 417 Ἰταλίᾳ
843 358 992 410 πόλεις
1030 359 1285 414 ἐμπεσόντες
1325 360 1385 409 εἰς
1423 358 1502 404 τὸν
1531 360 1667 405 πάλαι
1695 365 1870 418 προκεί-

475 434 612 474 μενον
641 405 834 473 πόλεμον
853 421 948 468 ταῖς
965 416 1472 471 προκατεσκευασμέναις
1486 418 1742 472 περιέπεσον
1761 431 1871 476 συμ-

475 478 729 547 φοραῖς.οῖ
752 475 831 546 μὲν
850 491 937 529 γαρ
958 473 1297 528 ἐπιφανέστατοι
1313 477 1404 516 τῶν
1419 473 1659 530 Ρωμαίων,
1679 480 1873 520 Σκαιου-

389 538 445 579 25
478 533 587 576 όλαν
614 534 690 576 καὶ
719 531 932 600 Κράσσον
970 531 1106 587 φημί,
1150 529 1199 573 ἐν
1238 528 1466 601 συγκλήτῳ
1507 534 1873 603 μιαιφονηθέντες

473 588 659 644 ἀκρίτως
698 587 1010 657 προεσήμηναν
1050 603 1145 637 ταις
1185 588 1316 638 ἰδίαις
1348 586 1552 658 ἀτυχίαις
1595 589 1645 632 τό
1685 589 1873 646 μέγεθος

470 651 562 690 τῶν
598 647 822 715 ἐσομένων
857 644 967 688 κατὰ
1005 643 1084 700 τὴν
1120 641 1303 687 Ἰταλίαν
1333 642 1728 701 ἀτυχημάτων.οῐ
1755 652 1874 690 πλεῖ-

471 715 568 747 στοι
603 703 690 760 γάρ
729 706 818 746 τῶν
855 704 1158 771 συγκλητικῶν
1198 701 1273 745 καὶ
1311 706 1399 745 τῶν
1436 703 1664 758 ἐπιφανῶν
1695 702 1872 758 ἀνδρων

472 759 559 805 υπὸ
589 764 679 804 τῶν
716 758 816 813 περὶ
852 759 931 803 τὸν
967 757 1150 801 Σύλλαν
1186 757 1491 815 ἀνηρέθησαν·
1537 764 1797 814 στρατιῶται
1825 761 1874 804 δὲ

388 822 444 863 30
474 817 522 861 ἐν
550 823 648 868 ταῖς
677 817 853 861 στάσεσι
893 815 967 859 καὶ
1003 831 1162 871 μαχαις
1199 815 1506 886 κατεκόπησαν
1545 815 1630 860 οὐκ
1669 816 1874 868 ἐλάττους

474 892 566 919 των
596 876 703 918 δέκα
732 872 988 943 μυριάδων.
1019 873 1095 916 καὶ
1133 876 1271 915 ταῦτα
1299 872 1444 916 πάντα
1474 875 1636 930 συνέβη
1663 880 1759 926 τοῖς
1788 873 1872 917 ἀν-

474 931 677 984 θρώποις
717 930 789 975 διά
827 930 906 974 τὸν
944 928 988 982 ἐξ
1023 927 1160 986 ἀρχῆς
1197 930 1529 987 ἐπιθυμηθέντα
1558 935 1754 975 πλουτου
1781 930 1872 977 ὑπὸ

473 991 674 1042 Μαρίου.

388 1047 445 1091 35
577 1047 677 1090 ΓΌτι
704 1041 914 1100 Μερόλας
944 1042 969 1087 6
998 1042 1189 1096 αἱρεθεὶς
1217 1041 1384 1094 ὕπατος
1421 1045 1484 1095 εἰς
1511 1043 1591 1089 τὸν
1617 1047 1700 1089 τοῦ
1728 1045 1874 1088 Κίννα

475 1105 615 1149 τόπον
655 1101 760 1159 μετὰ
798 1102 850 1145 τὸ
897 1099 1108 1145 σύνθεσιν
1156 1100 1432 1156 ποιήσασθαι
1467 1101 1518 1145 τὸ
1560 1100 1696 1157 δήπερ
1735 1099 1874 1146 αὐτὸν

475 1161 720 1206 ὑπατεῦσαι
761 1159 882 1211 ἔδοξε
921 1158 1082 1213 πρᾶξιν
1121 1155 1298 1213 ἀγαθοῦ
1337 1158 1515 1213 σφόδρα
1550 1161 1736 1202 πολίτου
1764 1162 1875 1214 πρᾶ-

475 1220 560 1272 ξαι.
609 1217 656 1262 ἐν
685 1233 730 1261 τε
757 1233 842 1272 γαρ
874 1219 937 1273 τῷ
968 1216 1183 1284 συνεδρίῳ
1213 1215 1287 1259 καὶ
1315 1218 1377 1273 τῷ
1408 1214 1532 1285 δήμῳ
1563 1214 1874 1271 διαλεγόμενος

474 1277 577 1331 περὶ
605 1278 696 1319 τῶν
723 1276 858 1342 κοινῇ
897 1260 1234 1346 συμφερόντων
1261 1270 1450 1343 ἀρχηγὸς
1489 1273 1769 1345 ἐπηγγείλατο
1807 1288 1875 1330 γε-

389 1330 446 1374 40
475 1333 636 1378 νέσθαι
663 1335 741 1388 τῆς
773 1330 998 1401 ὁμονοίας.
1029 1329 1152 1372 ἄκων
1179 1346 1265 1386 γαρ
1295 1330 1517 1399 ᾑρημένος
1544 1330 1712 1382 ὕπατος
1741 1329 1875 1374 ἐκου-

475 1393 580 1441 σίως
608 1389 693 1445 ἔφη
723 1386 1057 1459 παραχωρήσειν
1083 1390 1144 1444 τῷ
1174 1389 1317 1430 Κίννα
1345 1404 1422 1442 της
1452 1385 1604 1458 ἀρχῆς,
1634 1404 1709 1431 και
1735 1403 1875 1441 παρα-

474 1452 637 1516 χρῆμα
662 1444 838 1501 ἰδιώτης
875 1444 1056 1515 ἐγένετο.
1100 1446 1129 1500 ἡ
1168 1444 1215 1487 δὲ
1254 1431 1494 1500 σύγκλητος
1532 1443 1737 1514 ἐξέπεμψε
1775 1460 1875 1498 πρε-

477 1502 677 1573 σβευτάς
691 1502 798 1554 τούς
828 1499 1152 1571 ποιησομένους
1185 1498 1262 1553 τὰς
1301 1501 1528 1557 συνθήκας
1556 1502 1632 1545 καὶ
1659 1500 1738 1545 τὸν
1767 1503 1875 1544 Κίν-

474 1579 560 1606 ναν
590 1558 834 1613 εἰςάξοντας
864 1563 923 1610 εἰς
945 1557 1027 1614 τὴν
1056 1557 1203 1602 πόλιν.

388 1621 445 1665 45
579 1618 678 1662 Ὀτι
709 1617 733 1661 6
764 1614 941 1667 Σύλλας
979 1615 1214 1689 χρημάτων
1253 1612 1558 1686 ἀπορούμενος
1586 1614 1767 1671 ἐπέβαλε
1793 1614 1875 1667 τοὶς

476 1680 623 1734 χεῖρας
651 1675 794 1730 τρισὶν
826 1675 993 1744 ἱεροῖς,
1003 1673 1051 1716 ἐν
1081 1676 1147 1725 οἱς
1177 1671 1478 1745 ἀναθημάτων
1506 1671 1715 1742 ἀργυρῶν
1733 1688 1779 1716 τε
1799 1673 1876 1716 και

475 1745 653 1804 χρυσων
675 1736 847 1803 πλῆθος
875 1734 946 1787 ὴν,
976 1729 1025 1773 ἐν
1046 1746 1126 1786 μεν
1147 1734 1341 1801 Δελφοῖς
1369 1734 1431 1788 τῷ
1457 1728 1700 1773 Ἀπόλλωνι
1727 1733 1876 1773 καθιε-

477 1792 676 1848 ρωμένα,
711 1789 759 1833 ἐν
783 1785 1032 1844 Ἐπιδαύρῳ
1064 1787 1111 1830 δὲ
1138 1791 1201 1845 τῷ
1226 1776 1484 1858 Ἀσκληπιῷ,
1516 1786 1563 1830 ἐν
1587 1785 1801 1843 Ὀλυμπία
1825 1787 1874 1831 δὲ

392 1851 448 1895 50
476 1853 538 1906 τῷ
567 1849 657 1891 Διί
686 1851 867 1890 πλεῖστα
906 1845 953 1888 δὲ
994 1845 1149 1914 ἔλαβεν
1173 1832 1221 1896 ἐξ
1244 1833 1484 1900 Ὀλυμπίας
1514 1843 1588 1888 διὰ
1615 1844 1665 1887 τὸ
1694 1861 1874 1916 μεμενη-

475 1907 600 1951 κέναι
638 1903 685 1948 vd
727 1902 848 1958 ἱερὸν
887 1904 1022 1946 τοῦτο
1062 1900 1230 1945 ἀσυλον
1267 1901 1310 1952 ἐξ
1352 1903 1534 1952 αἰωνος·
1583 1905 1672 1944 τῶν
1708 1919 1793 1957 γαρ
1824 1902 1875 1944 ἐν

475 1967 670 2019 Δελφοῖς
698 1959 935 2032 χρημάτων
971 1962 1139 2010 Φωκεῖς
1166 1957 1221 2002 τὰ
1250 1962 1427 2002 πλεῖστα
1457 1956 1761 2027 διεφόρησαν’
1745 1975 1792 2002 εν
1811 1962 1874 2018 τῷ

478 2023 583 2079 ἱερῷ
603 2018 827 2089 κληθέντι
847 2016 1035 2086 πολέμῳ.
1070 2014 1094 2059 ὁ
1125 2017 1172 2059 δὲ
1201 2014 1382 2066 Σύλλας
1411 2014 1554 2059 πολύν
1582 2014 1782 2086 ἄργυρρν
1799 2004 1875 2060 κάὶ

393 2078 449 2122 55
476 2075 647 2148 χρυσὸν
687 2076 748 2119 ἔτι
788 2074 834 2118 δὲ
873 2090 974 2143 την
983 2073 1124 2129 ἀλλην
1152 2077 1369 2128 πολυτελη
1397 2073 1675 2143 κατασκευην
1711 2072 1876 2116 ἀναλα-

476 2134 574 2193 βῶν
613 2133 799 2190 ἤθροισε
835 2129 1067 2201 χρημάτων
1105 2134 1277 2200 πλῆθος
1324 2129 1438 2184 πρὸς
1481 2129 1587 2182 τοὺς
1634 2130 1682 2174 ἐν
1717 2129 1874 2174 Ἰταλία

475 2191 870 2247 προςδοκωμένους
888 2188 1132 2259 πολέμους.
1178 2185 1539 2253 ἀδεισιδαιμόνως
1569 2187 1615 2231 δὲ
1652 2205 1706 2245 τη
1743 2176 1873 2259 λήψει

476 2254 565 2294 τῶν
596 2250 727 2303 ἱερῶν
754 2244 989 2303 χρημάτων
1028 2246 1355 2317 προςενεχθείς,
1393 2243 1542 2300 χώραν
1571 2243 1671 2289 ἀντὶ
1699 2245 1941 2290 τούτων615

477 2306 726 2374 καθιέρωσε
757 2309 849 2354 τοῖς
886 2306 1012 2353 θεοῖς
1050 2303 1110 2353 εἰς
1138 2301 1217 2353 τοὶς
1254 2300 1355 2345 κατ’
1385 2303 1481 2354 ἔτος
1509 2301 1769 2357 προςόδους.
1803 2301 1872 2346 εὐ-

393 2371 450 2411 60
479 2360 876 2431 τραπελευόμενος
883 2360 929 2405 δὲ
959 2357 1225 2430 ἀπεφαίνετο
1253 2363 1432 2414 κρατεῖν
1467 2364 1529 2416 τῷ
1556 2359 1734 2417 πολέμῳ
1762 2359 1874 2404 πάν-

475 2439 561 2473 τως
600 2420 674 2464 δια
708 2418 758 2462 τό
797 2418 904 2469 τούς
941 2416 1079 2468 θεούς
1119 2414 1242 2488 αὐτῷ
1255 2420 1511 2486 συνεργεῖν
1549 2416 1873 2474 εἰςενηνοχότας

474 2477 709 2551 χρημάτων
737 2474 853 2519 πολύ
883 2492 924 2518 τι
951 2478 1122 2544 πλῆθος
1152 2472 1286 2518 αύτῶ.

581 2536 680 2579 Ὀτι
711 2534 929 2589 Φιμβρίας
966 2530 1077 2575 κατοὶ
1118 2530 1198 2586 τήν
1236 2519 1500 2586 ὄδοιπορίαν
1526 2531 1640 2575 πολύ
1670 2531 1873 2588 προέχων

394 2600 450 2642 65
479 2599 573 2647 τοῖς
620 2590 883 2649 διαστήμασι
934 2592 1019 2634 τοῦ
1073 2589 1280 2634 Φλάκκου
1325 2587 1487 2644 καιρὸν
1528 2589 1623 2646 ἔσχε
1668 2589 1872 2647 μεγάλοις

477 2743 536 2778 24.
563 2739 805 2777 Σκαιουόλαν
829 2738 1095 2785 Wesselingius‚
1122 2737 1317 2775 Σκευόλαν
1339 2739 1373 2776 V
1510 2739 1567 2775 25.
1593 2735 1873 2783 μιαιφονηθέν-

478 2788 828 2883 ἱῗὲέἲτοέυοὲίηςίυε,
856 2783 1193 2835 μιαιφονευθέντες
1216 2787 1248 2821 V
1392 2787 1452 2824 85.
1476 2785 1520 2824 τὸ
1547 2784 1685 2833 δήπερ]
1711 2798 1757 2823 en
1779 2787 1874 2822 forte
1948 2790 1950 2826 ξ
