1968 3346
416 182 501 223 1:5⁰
558 174 859 218 EXCERPTA
887 175 961 216 DE
989 173 1143 218 VIRT.
1176 174 1253 216 ET
1283 173 1676 220 V1T.1..Xxxn.

417 306 487 359 τες
512 285 768 344 υπερβολὴν
797 285 1028 335 ἐπιεικείας
1055 283 1219 345 ἑτέροις
1251 284 1337 329 οὐκ
1367 284 1614 331 άπέλειπον.
1646 284 1712 339 οἷς
1734 288 1814 342 μὲν

417 346 502 417 γάρ
531 345 751 394 πολιτείας
779 344 1031 399 μετέδοσαν,
1061 345 1126 411 οἱς
1156 342 1203 385 δὲ
1232 341 1462 413 ἐπιγαμίας
1490 343 1816 415 συνεχώρησαν,

420 403 511 447 τισὶ
549 401 596 445 δὲ
636 399 717 456 τὴν
729 400 1021 469 αὐτονομίαν
1060 396 1306 451 ἀπέδοσαν,
1358 398 1506 443 οὐδενὶ
1552 400 1817 470 μνησικακή-

423 471 579 509 σαντες
607 454 872 526 πικρότερον
900 459 982 499 τοῦ
1012 454 1202 506 δέοντος.
1231 461 1471 511 τοιγαροῦν
1492 457 1565 500 διοὶ
1587 458 1665 512 τὴν
1685 458 1816 512 ὑπερ-

335 519 393 563 65
425 514 563 584 βολήν
592 519 670 570 τῆς
697 512 965 586 ἡμερότητος
995 513 1042 554 οἴ
1067 528 1111 555 τε
1142 514 1334 568 βασιλεῖς
1371 514 1444 556 καὶ
1482 531 1528 556 αι
1567 514 1715 565 πόλεις
1740 514 1816 558 καὶ

421 571 674 641 συλλήβδην
702 569 755 613 τὰ
787 570 896 638 ε’θνη
926 567 1038 622 πρὸς
1065 569 1149 636 τὴν
1170 569 1396 639 Ρωμαίων
1424 568 1662 638 ήγεμονίαν
1690 569 1816 626 ηὐτο-

421 627 634 700 μόλησαν.
670 621 796 670 οὗτοι
826 625 872 670 δε
904 623 1058 695 σχεδὸν
1100 623 1181 680 τήν
1220 623 1359 682 ἀρχὴν
1389 627 1530 682 πάσης
1557 631 1634 682 τῆς
1665 629 1816 670 οἰκου-

422 686 555 742 μένης
593 684 783 753 ε’χοντες,
816 681 983 737 ταύτην
1020 679 1321 737 ἠσφαλίσαντο
1359 683 1492 751 φόβῳ
1532 685 1604 726 καὶ
1644 701 1697 740 τῃ
1726 688 1818 727 τῶν

424 740 784 811 ἐπιφανεστάτων
822 738 997 782 πόλεων
1034 738 1239 782 άπωλεία.
1301 739 1536 810 Κόρινθον
1569 738 1669 810 γάρι
1699 741 1818 783 κατέ-

339 806 396 847 70
427 806 615 850 σκαψαν,
648 797 723 841 καὶ
752 795 858 847 τοὺς
887 795 998 839 κατὰ
1027 796 1106 850 τὴν
1136 798 1427 839 Μακεδονίαν
1460 796 1820 852 έῤῥιζοτόμησαν,

427 853 526 900 οἷον
563 855 641 898 τὸν
681 854 873 922 Περσέα,
925 851 999 895 καὶ
1036 852 1303 908 Καρχηδόνα
1342 853 1621 903 κατέσκαψαν
1661 854 1734 896 καὶ
1771 853 1820 896 ἐν

426 911 690 968 Κελτιβηρίᾳ
719 926 799 979 την
830 911 1107 964 Νομαντίαν
1139 909 1213 953 καὶ
1241 910 1430 960 πολλοὺς
1457 909 1790 965 κατεπλήξαντο.

527 969 628 1011 Ὀτι
657 966 835 1023 σφόδρα
865 968 910 1010 οἱ
933 965 1141 1022 Ῥωμαῖοι
1165 970 1499 1022 φιλοτιμοῦνται
1517 967 1754 1017 δικαίους’
1737 967 1820 1010 ενί-

339 1029 397 1074 75
427 1030 616 1070 στασθαι
644 1025 747 1075 τοὺς
775 1022 990 1078 πολέμους
1008 1040 1083 1067 και
1101 1024 1236 1080 μηδὲν
1255 1025 1348 1081 εἰκῇ
1374 1023 1448 1067 καὶ
1471 1027 1698 1077 προπετῶς
1718 1023 1820 1079 περὶ

421 1086 513 1127 τῶν
542 1081 756 1125 τοιούτων
785 1081 1067 1149 ψηφίζεσθαι.

527 1137 628 1183 Ὀτι
657 1139 862 1182 Σκιπίων
893 1137 918 1179 6
947 1134 1213 1192 Ἀφρικανὸς
1249 1136 1426 1207 κληθεὶς
1463 1134 1680 1191 ὕστερον,
1720 1134 1821 1179 τότε

427 1199 475 1242 δε
503 1198 725 1252 χιλίαρχος
754 1193 831 1247 ω’ν,
861 1210 951 1238 των
981 1195 1129 1238 ἄλλων
1161 1193 1267 1244 τοὺς
1297 1195 1355 1243 εἰς
1383 1192 1620 1249 ὁμολογίαν
1647 1192 1722 1235 καὶ
1747 1192 1822 1247 ὅρ-

427 1270 538 1303 κους
567 1251 923 1323 καταντήσαντας
948 1249 1386 1320 παρασπονδούντων
1409 1251 1481 1294 καὶ
1499 1267 1549 1307 τη
1552 1266 1578 1293 ν
1607 1252 1820 1294 δοθεῖσαν

345 1317 401 1359 80
430 1312 575 1355 πίστιν
605 1307 908 1360 ἀθετούντων,
951 1310 1082 1358 οὑτος
1119 1305 1385 1350 τούναντίον
1420 1269 1605 1376 μάλιστα
1633 1305 1710 1357 τὰς
1739 1308 1821 1349 δο-

431 1368 590 1416 θείσας
634 1367 797 1416 πίστεις
844 1368 938 1415 τοῖς
985 1363 1385 1420 πολιορκουμένοις
1431 1362 1572 1420 ἐτήρει
1619 1364 1694 1408 καὶ
1729 1367 1823 1413 τοῖς

431 1424 618 1474 ἕαυτους
646 1422 956 1491 ἐγχειρίζουσιν
985 1421 1184 1472 ἐπιεικως
1206 1421 1511 1476 προςεφέρετο.
1542 1419 1613 1464 διὸ
1642 1420 1717 1463 καὶ
1745 1422 1822 1475 τῆς

431 1480 530 1534 περὶ
570 1477 711 1523 αὑτοῦ
750 1478 898 1535 φήμης
936 1479 1108 1528 δικαίας
1147 1477 1454 1548 διαδιδομένης
1487 1476 1598 1520 κατὰ
1637 1493 1722 1546 την
1745 1480 1823 1519 Λι-

317 1592 326 1596 V
432 1536 569 1606 βύην,
615 1534 767 1586 οὐθεὶς
807 1539 898 1578 τῶν
935 1533 1328 1604 πολιορκουμένων
1366 1534 1635 1578 ἐνεπίστευεν
1665 1531 1818 1589 αὐτόν,

346 1600 401 1644 85
431 1596 468 1638 εἰ
495 1592 556 1666 μή
585 1594 807 1636 Σκιπίωνι
836 1592 1092 1635 συντίθοιτο
1122 1607 1200 1641 τας
1229 1589 1477 1646 ὁμολογίας.

534 1649 639 1693 Ὀτι
667 1666 778 1693 κατα
805 1664 887 1705 την
904 1647 1045 1718 μάχην
1063 1651 1198 1702 τριῶν
1223 1647 1450 1702 Ῥωμαίων
1477 1645 1717 1700 πεσόντων,
1746 1647 1823 1691 καὶ

433 1705 606 1751 τούτων
637 1704 822 1776 άτάφων
850 1705 1121 1775 γεγονότων,
1151 1704 1313 1755 πάντες
1335 1707 1531 1773 χαλεπῶς
1561 1704 1723 1760 ἔφερον
1750 1705 1824 1748 ἐπὶ

429 1768 490 1819 τῇ
519 1768 608 1807 τῶν
639 1761 814 1817 ἀνδρῶν
845 1760 1036 1819 ἀπωλείᾳ
1062 1777 1107 1804 τε
1137 1762 1211 1804 καὶ
1250 1759 1447 1831 στερήσει
1484 1764 1561 1816 τῆς
1595 1765 1749 1831 ταφῆς.
1793 1759 1819 1807 ὁ

348 1829 406 1871 90
437 1822 483 1865 δὲ
513 1822 714 1863 Σκιπίων
743 1806 1107 1891 συγχωρήσαντος
1144 1820 1225 1861 τοῦ
1253 1816 1425 1861 υπάτου
1455 1817 1530 1860 διὰ
1556 1816 1824 1875 γραμμάτων

433 1876 701 1930 παρεκάλεσε
729 1874 808 1919 τόν
835 1874 1131 1946 Ἀσδρούβαν
1136 1873 1283 1924 θάψαι
1311 1891 1419 1924 τους
1438 1873 1616 1928 ἄνδρας.
1649 1876 1703 1918 οὐ
1728 1890 1824 1919 ποι-

433 1934 624 1991 ήᾱαντος
651 1933 700 1976 τὸ
732 1932 1032 2003 παρακληθὲν,
1062 1931 1137 1975 καὶ
1165 1931 1271 2000 μετὰ
1299 1929 1489 1986 μεγάλης
1517 1941 1643 1987 τιμῆς
1672 1930 1824 2002 κηδεύ·

436 2003 594 2041 σαντος
622 2006 727 2040 τους
756 1987 940 2042 ἄνδρας,
985 1988 1058 2032 καὶ
1088 2004 1142 2030 τα
1172 1987 1300 2031 ὀστέα
1329 1989 1580 2057 πέμψαντος
1608 1987 1719 2042 πρὸς
1746 1988 1826 2032 τὸν

432 2047 618 2098 ν’πατον,
649 2044 673 2089 6
701 2049 903 2090 Σκιπίων
931 2045 1174 2114 προέκοπτε
1201 2063 1254 2103 τη
1283 2045 1409 2115 δόξη,
1440 2061 1499 2095 ως
1529 2043 1584 2088 ἂν
1611 2045 1686 2089 καὶ
1703 2044 1825 2101 παρὰ

349 2109 407 2156 95
435 2110 528 2156 τοῖς
556 2105 781 2172 πολεμίοις
812 2101 999 2158 μεγάλης
1026 2100 1256 2158 τυγχάνων
1286 2100 1520 2156 ἀποδοχῆς.

535 2159 634 2204 Ὀτι
665 2158 688 2202 ὁ
715 2160 1075 2229 Ψευδοφίλιππός
1104 2159 1346 2227 περιβοήτῳ
1376 2157 1490 2215 μάχῃ
1519 2155 1701 2214 νικήσας
1724 2157 1825 2203 Ῥω-

436 2218 597 2289 μαίους
637 2216 841 2272 ἐξετράπη
873 2215 983 2269 πρὸς
1021 2214 1224 2286 ω’μότητα
1252 2217 1327 2259 καὶ
1355 2217 1639 2270 παρανομίαν
1667 2232 1825 2289 τυραν-

437 2275 579 2331 νικήν.
615 2273 807 2324 πολλους
830 2289 910 2328 μεν
938 2289 1023 2328 γαρ
1049 2288 1139 2315 των
1159 2272 1363 2326 εὐπόρων
1392 2273 1563 2316 οἷνεῖλεν
1592 2273 1825 2328 ἐπιρρίψας

326 2339 408 2380 100
438 2333 578 2382 αἰτίας
603 2332 842 2400 διαβολῆς
857 2331 1076 2381 ψευδοῦς,
1124 2328 1209 2373 οὐκ
1249 2327 1428 2384 ὀλίγους
1465 2329 1511 2381 δὲ
1549 2345 1639 2373 των
1679 2331 1892 2401 φίλων591
1948 2346 1949 2356 ’

436 2386 765 2459 ἐμιαιφόνησεν.
810 2388 870 2454 ήν
897 2385 981 2456 γὰρ
1014 2385 1146 2441 φύσει
1173 2385 1398 2459 θηριώδης
1425 2388 1500 2430 καὶ
1530 2385 1717 2441 φονικός
1747 2387 1823 2431 καὶ

437 2462 550 2490 κατα
586 2461 663 2495 τας
701 2441 908 2495 ἐντεύξεις
943 2442 1253 2501 ὑπερήφανος,
1288 2443 1350 2487 ἔτι
1386 2443 1432 2487 δὲ
1471 2445 1718 2496 πλεονεξίας
1738 2443 1824 2488 καὶ

433 2501 577 2573 πάσης
602 2501 758 2550 κακίας
788 2498 1023 2550 ἀνάπλεως.

383 2563 411 2607 5
541 2557 641 2600 Ὀτι
671 2555 695 2599 6
727 2559 865 2611 δῆμος
894 2555 1159 2626 τηλικαύτην
1187 2554 1368 2601 εὔνοιαν
1382 2557 1475 2612 ἔσχε
1493 2555 1604 2612 πρὸς
1623 2556 1702 2601 τὸν
1717 2561 1824 2602 Σκι-

436 2616 581 2660 πίωνα
611 2611 715 2665 ω’ςτε
743 2612 847 2669 μήτε
876 2617 952 2669 τῆς
980 2611 1151 2669 ἡλικίας
1180 2613 1489 2672 συγχωρούσης
1513 2613 1618 2675 μήτε
1645 2617 1735 2660 τῶν
1752 2614 1823 2661 νό-

527 2738 607 2777 590.
629 2737 686 2774 7⁰.
711 2735 976 2785 ἔριζοτόμησαν
1000 2739 1034 2774 V
