1968 3346
269 225 573 270 EXCERPTA
603 223 888 267 VATICANA
918 223 964 265 L.
984 221 1177 265 XXXIV.
1188 220 1448 262 —XXXVL
1480 223 1563 263 117

269 337 371 381 ’Ότι
398 340 475 391 τῆς
505 335 679 407 ἐαρινῆς
709 335 826 390 ω’ρας
854 351 907 391 τη
937 337 1035 392 χλιᾷ
1063 333 1282 403 τηκούσης
1307 332 1389 401 τὴν
1417 330 1560 387 χιόνα,

167 394 242 439 καὶ
269 410 360 438 των
392 408 576 446 καρπων
598 392 644 435 ἐκ
673 396 754 434 τοῦ
784 395 995 445 συνεχοῦς
1023 388 1170 459 πάγου
1193 388 1307 442 πρὸς
1336 388 1416 444 τήν
1436 388 1558 443 φυὴν

167 453 243 496 καὶ
282 448 518 519 βλάστησιν
552 447 825 519 προϊόντων,
867 464 957 490 των
994 446 1041 490 δὲ
1082 444 1335 501 ἀνθρώπων
1373 445 1442 487 ἐπὶ
1479 445 1556 495 τοὶς

167 507 346 561 πράξεις
384 504 672 562 ὡρμημένων,
711 503 736 548 ὁ
763 502 971 572 Ἀρσάκης
1003 501 1359 573 ἀποπειραθῆναι
1396 501 1555 555 βουλό-

166 580 298 637 μενος
326 566 416 605 τῶν
444 564 665 617 πολεμίων
694 559 962 630 πρεσβευτάς
993 557 1211 602 ἀπέστειλε
1237 558 1336 612 περὶ
1365 556 1554 627 εἰρήνης,
1583 557 1610 599 5

167 618 233 671 οἷς
256 619 472 674 Ἀντίοχος
502 618 742 688 μετέδωκεν
770 615 1028 686 ἀποκρίσεις
1047 613 1159 658 διότι
1181 613 1449 684 συγχωρήσει
1471 615 1554 669 τήν

167 677 371 732 εἰρήνην,
418 675 495 718 ἐὰν
541 674 621 717 τόν
662 672 857 728 ἀδελφὸν
899 671 1159 728 Δημητριον
1207 670 1430 721 ἀπολύσας
1476 675 1553 727 τῆς

167 733 461 803 αἰχμαλωσίας
487 733 693 788 παραδω,
736 746 826 773 των
863 729 909 773 δε
949 731 1219 772 δυναστειῶν
1254 744 1344 770 των
1384 726 1552 784 ἀφῃρη-

167 789 314 858 μένων
343 787 590 859 έκχωρήση,
621 787 700 843 τὴν
731 786 777 830 δὲ
807 785 992 839 πάτριον
1023 786 1282 828 δυναστείαν
1314 784 1422 839 ε’χων
1451 787 1554 853 τελῃ

168 844 328 902 φόρον.
360 843 382 888 ὁ
414 844 460 887 δὲ
487 817 700 913 Ἀρσάκης
728 842 980 897 προςκόψας
1005 845 1057 899 τῇ
1088 840 1301 899 βαρύτητι
1327 857 1417 885 των
1447 839 1550 884 α’πο-
1558 843 1609 882 10

166 905 358 958 κρίσεων
387 899 454 944 ἐπ’
492 899 627 944 αὐτὸν
658 899 875 957 ὥρμησεν.

280 983 352 1024 ΙΧ.
390 980 491 1023 ’Ότι
519 984 607 1023 τῶν
637 982 718 1022 τοῦ
745 976 968 1047 Ἀντιόχου
1001 978 1147 1032 φίλων
1177 974 1556 1029 παρακαλούντων

166 1039 226 1095 μὴ
257 1035 495 1082 συνάπτειν
522 1035 663 1106 μάχην
691 1033 804 1089 πρὸς
827 1034 1184 1084 πολλαπλασίους
1210 1032 1448 1087 Πάρθους,
1481 1031 1555 1076 δύ-

166 1100 333 1139 νασθαι
367 1092 458 1162 γάρ
495 1091 658 1143 αὐτοὺς
687 1093 747 1142 εἰς
784 1090 866 1147 τήν
893 1088 1187 1158 ὑποκειμένην
1217 1088 1396 1161 ὀρεινὴν
1424 1105 1555 1132 κατα-

99 1150 395 1223 χοεφυγόντας
431 1148 768 1220 ἀποτρίψασθαι
804 1152 859 1204 τῇ
889 1149 1104 1217 δυςχωρία
1139 1145 1220 1189 τὸν
1248 1145 1334 1189 άπὸ
1369 1162 1460 1189 των
1490 1148 1553 1188 ἱπ-
1558 1145 1610 1188 15

167 1208 288 1253 πέων
316 1208 553 1256 κίνδυνον,
596 1204 619 1248 ὁ
644 1204 864 1259 Ἀντίοχος
900 1202 1050 1247 ουδενὶ
1087 1202 1237 1264 τρόπῳ
1274 1202 1552 1272 προςεδέχετο

164 1265 271 1316 τοὺς
299 1262 461 1332 λόγους
491 1261 849 1315 ἀποφαινόμενος
879 1260 1062 1330 αἰσχρὸν
1101 1265 1213 1303 εἰναι
1252 1276 1358 1310 τους
1386 1275 1554 1315 νενικη-

166 1319 300 1371 κότας
330 1318 517 1363 δεδιέναι
545 1316 624 1368 τάς
658 1321 746 1361 τῶν
775 1315 1114 1386 προηττημένων
1141 1314 1316 1370 τόλμας.
1359 1331 1554 1368 παρακα-

166 1378 293 1430 λέσας
322 1371 406 1420 οὖν
442 1375 548 1425 τούς
576 1371 678 1442 μεθ’
722 1373 882 1420 ἑαυτοῦ
913 1372 1035 1443 πρὸς,
1062 1373 1140 1416 τὸν
1168 1374 1381 1416 κίνδυνον
1411 1371 1553 1417 ἀνεδέ-

165 1450 281 1505 χετο
280 1449 375 1504 την
403 1447 493 1474 των
522 1428 779 1502 βαρβάρων
793 1429 958 1500 ε’φοδον
989 1427 1231 1483 εὐρώστως.
1551 1438 1608 1478 20

269 1489 369 1533 Ὀτι
397 1488 508 1532 κατὰ
537 1503 617 1557 την
641 1484 902 1555 Ἀντιόχειαν
931 1484 1234 1540 άναμαθόντες
1254 1484 1333 1528 τὸν
1351 1484 1552 1529 θάνατον

165 1546 390 1618 Ἀντιόχου
429 1542 484 1588 οὗ
532 1543 673 1600 μόνον
713 1542 869 1587 κοινόν
909 1541 937 1599 ἡ
978 1542 1104 1594 πόλις
1143 1541 1333 1598 ἐπήρατο
1370 1541 1550 1595 πένθος,

168 1602 281 1648 ἄλλά
320 1602 395 1646 καὶ
437 1604 523 1651 πᾶς
562 1598 781 1650 ἰδιωτικὸς
822 1597 945 1650 οἶκος
982 1601 1220 1656 κατηφείας
1256 1599 1333 1642 καὶ
1357 1598 1552 1668 θρήνων

167 1661 437 1731 ἐπληροῦτο,
467 1658 542 1702 καὶ
563 1656 748 1712 μάλιστα
768 1660 849 1699 τοῦ
871 1656 970 1710 περὶ
1000 1657 1077 1707 τὰς
1106 1660 1321 1724 γυναῖκας
1344 1652 1552 1710 ὀδυρμοῦ

167 1717 218 1762 τὸ
246 1715 393 1768 πάθος
429 1715 695 1766 ἐκκαίοντος.
734 1712 975 1769 τριάκοντα
1010 1712 1096 1769 γὰρ
1134 1711 1365 1770 μυριάδων
1395 1711 1551 1759 άπυλο-
1537 1723 1610 1767 -25

308 1829 388 1866 117.
411 1830 447 1864 9.
476 1826 679 1884 ἐκχωρήση]
704 1823 900 1872 ἐκχωρήσει
924 1828 980 1861 ed.
1006 1829 1109 1862 Rom.

309 1877 388 1911 117.
415 1876 450 1909 9.
483 1873 562 1929 τὴν]
589 1875 716 1928 incipit
741 1874 873 1909 codicis
897 1886 932 1918 p.
957 1874 1034 1908 176.

309 1923 388 1956 117.
411 1921 470 1956 ΞΟ.
501 1917 708 1964 εὐρώστως]
735 1916 949 1973 ευρῥώστως
974 1921 1030 1954 ed.
1055 1920 1158 1956 Rom.

309 1968 389 2003 117
413 1968 470 2004 21
503 1965 619 2011 κατά]
642 1967 762 2001 malim
787 1965 824 2003 οἱ
846 1962 954 2004 κατά.

264 2068 426 2103 117.11.
469 2068 522 2103 Ad
545 2079 638 2102 111-οε
661 2067 741 2101 heic
771 2068 967 2102 nominatos
994 2067 1086 2111 quod
1110 2065 1262 2108 adtinet,
1291 2064 1486 2099 Antiochus
1509 2067 1563 2100 est

171 2115 234 2150 ine
263 2119 493 2159 cognomento
517 2114 663 2155 sidetes,
696 2113 835 2157 quintus
867 2114 1020 2147 decimus
1044 2112 1327 2148 Seleucidarum.
1361 2111 1561 2146 Demetrius

171 2165 225 2196 est
248 2161 322 2195 eius
344 2172 566 2205 praecessor,
598 2159 771 2194 Demetrii
804 2160 926 2194 soteris
950 2160 1060 2192 fliius:
1094 2161 1241 2192 Arsaces
1273 2157 1423 2200 denique
1445 2158 1558 2190 Phra-

171 2208 272 2242 hates
290 2211 342 2240 est
363 2208 431 2241 hoc
454 2207 593 2240 nomine
617 2206 799 2239 secundus.
831 2206 1076 2239 Armeniorum
1093 2204 1280 2238 historicus
1297 2203 1413 2238 Moses
1431 2204 1492 2236 lib.
1514 2204 1560 2237 ΙΙ.

172 2253 216 2294 2,
238 2256 272 2286 «t
294 2253 512 2297 Porphyrius
535 2252 627 2295 apud
650 2253 777 2286 Euseb.
802 2252 924 2285 chron.
945 2252 973 2284 I.
997 2251 1063 2292 40,
1086 2251 1282 2293 discrepant
1303 2250 1562 2292 aliquantulum

174 2309 197 2332 a
223 2298 398 2339 Diodoro,
433 2298 516 2342 quia
546 2309 702 2342 pugnam
733 2298 910 2332 saeviente
940 2297 1060 2331 hieme
1091 2302 1264 2340 patratam
1287 2295 1415 2329 dicunt.
1461 2295 1562 2330 Nunc

172 2355 258 2377 vero
282 2344 324 2377 de
347 2347 503 2387 tempore
527 2344 609 2377 anni
628 2343 754 2377 merito
775 2343 989 2377 dubitavisse
1004 2343 1242 2376 Froeiichium
1265 2342 1425 2376 videmus
1449 2342 1565 2376 annal.

172 2390 356 2433 Svlenmp
334 2401 366 2433 p.
389 2389 434 2423 8-1
448 2415 458 2431 ,
483 2390 762 2432 quandoquidem
787 2389 959 2422 Diodorus
982 2400 1045 2422 ver
1067 2400 1130 2432 pro
1153 2389 1272 2422 hieme
1296 2387 1391 2422 dicit.
1426 2388 1527 2422 MAI.

265 2435 345 2469 117.
371 2435 427 2469 13.
464 2435 680 2479 Porphyrius
697 2436 961 2477 praedictusque
978 2435 1095 2468 Moses
1113 2434 1211 2468 aiunt
1226 2434 1434 2467 Parthorum
1455 2433 1564 2468 fuisse

172 2482 268 2515 CXX
292 2480 405 2516 milia.
451 2481 527 2514 lam
553 2481 716 2514 Antiochi
743 2481 925 2513 hominnm
952 2481 1160 2514 amissorum
1190 2492 1298 2523 quum
1321 2485 1474 2512 trecenta
1496 2479 1563 2512 mi-

172 2528 223 2561 lia
246 2539 327 2560 mox
351 2527 457 2560 fuisse
482 2526 664 2566 dicantur,
696 2530 735 2559 ut
759 2526 888 2559 veritas
911 2526 1082 2560 historiae
1112 2530 1265 2568 constet,
1297 2525 1475 2558 sciendum
1500 2529 1564 2568 est,

174 2578 255 2608 unte
287 2574 380 2606 hanc
411 2573 523 2615 ipsam
554 2572 696 2606 fatalem
722 2583 876 2615 pugnam
907 2583 1076 2611 magnum
1110 2571 1181 2605 inm
1216 2570 1376 2605 amisisse
1409 2571 1563 2604 miiitum

174 2630 360 2653 numerum
385 2618 617 2659 Antiochum,
651 2622 736 2651 teste
759 2617 891 2650 Iustino
914 2618 1112 2652 XXXVIII.
1138 2618 1203 2658 10,
1237 2617 1272 2649 in
1296 2617 1442 2660 persicis
1465 2617 1564 2650 urbi-

174 2665 264 2706 bus,
307 2675 397 2707 quae
429 2669 688 2697 commeatuum
721 2663 935 2706 praebitione
966 2668 999 2697 vt
1030 2663 1167 2697 iniuriis
1196 2662 1350 2696 miiitum
1381 2667 1562 2707 gravatae,

173 2715 253 2755 post
275 2710 349 2743 cius
379 2709 544 2743 victorias
574 2710 851 2750 rehcliaverant,
885 2713 920 2743 et
948 2709 1163 2743 hiemantem
1194 2708 1347 2742 eiusdem
1372 2689 1562 2742 exercituni

176 2768 241 2800 per
264 2756 407 2790 insidias
429 2755 560 2798 passiin
582 2755 867 2795 trucidaverant,
900 2755 949 2790 ita
979 2759 1019 2789 ut
1046 2754 1238 2789 Antiochus
1261 2766 1341 2788 cuin
1365 2759 1463 2797 parte
1486 2758 1563 2788 tan-

177 2803 357 2835 tummodo
381 2802 560 2845 copiarum
593 2800 728 2844 rciiqua
749 2779 872 2835 Arsaci
899 2801 935 2837 in
958 2801 1035 2837 acie
1058 2800 1262 2838 occurrerit.
1309 2801 1405 2846 Lege
1426 2800 1564 2846 gallum

176 2847 390 2884 Valentem‘
381 2860 416 2882 111
440 2846 598 2884 Arsacia.
624 2847 705 2883 hist.
743 2847 843 2883 MAI.
