1968 3346
153 159 454 217 EXCERPTA
482 164 554 208 DE
582 163 736 206 VIRT.
765 163 843 205 ET
871 162 986 205 VIT.
1013 162 1062 206 1...
1082 163 1221 207 XXVI
1224 162 1426 208 M—XXX
1459 169 1541 210 111

154 278 404 352 συμμαχίαν
432 276 512 321 τὸν
539 272 734 330 πόλεμον
761 274 1049 319 ἐπανελέσθαι
1079 271 1132 318 δι’
1163 273 1299 345 ὀργῆς
1327 276 1434 333 εἷχε’
1463 276 1545 322 τόν

155 337 203 381 65
230 335 430 388 Ἀννίβαν
464 333 545 388 τὴν
573 331 778 375 ἐναντίαν
817 331 1010 402 γνώμην
1035 331 1245 400 ἐσχηκότα
1284 334 1381 378 τότε
1411 334 1546 378 ἐθαύ-

154 397 260 451 μαζε
288 392 363 436 καὶ
392 408 467 442 τας
504 390 681 439 ἐλπίδας
709 386 823 444 εἶχεν
851 389 900 432 ἐν
927 388 1095 444 τούτῳ·
1141 388 1222 432 τόν
1252 391 1298 434 65
1326 390 1412 446 πρὸ
1439 390 1542 436 τού-
1568 394 1626 438 95

151 468 234 496 του
272 448 456 518 χρόνον
465 446 672 496 ὑπόπτως
710 445 824 498 πρός
863 444 1001 490 αυτὸν
1040 433 1312 514 διακείμενος
1348 447 1446 492 τότε
1474 465 1543 492 πι-

152 508 363 552 στότατον
400 502 535 547 αὐτὸν
563 499 647 558 εἶχε
686 504 819 558 φίλον
847 503 921 546 καὶ
951 502 1038 547 ἀπὸ
1067 506 1144 558 τῆς
1173 500 1336 548 τούτου
1365 503 1543 562 γνώμης

148 564 294 609 πάντα
321 562 516 616 ἐπραττε.

253 620 354 663 ’Ότι
383 617 407 661 6
432 617 666 701 Ἀντίοχοςε
680 615 754 659 δια
791 614 872 672 τὴν
911 609 1048 672 ἧτταν
1080 617 1368 668 ταπεινωθεὶς
1397 617 1625 672 ἐ’κρινε100

149 681 228 734 τῆς
257 676 336 732 μὲν
364 672 584 730 Εὐρώπης
623 674 897 725 ἐξίστασθαι,
932 673 1033 728 περὶ
1073 672 1119 716 65
1157 677 1234 729 τῆς
1266 672 1415 724 Ἀσίας
1454 677 1544 718 δια-

149 735 424 803 γωνίζεσθαι.
471 731 546 774 καὶ
585 729 816 785 προςέταξε
852 734 946 781 τοῖς
987 733 1287 801 Λυσιιιαχεῦσι
1326 733 1543 786 πανδημει

148 791 230 847 την
258 788 386 832 πόλιν
416 788 630 838 ἐκλιπεῖν,
672 788 732 837 εἰς
772 786 818 829 65
854 785 932 856 τ’ἀς
962 802 1073 830 κατα
1110 785 1191 842 τὴν
1216 785 1364 830 Ἀσίαν
1393 787 1543 839 πόλεις

149 850 413 917 μετοικῆσαι.
444 844 518 888 καὶ
550 843 670 895 ἔδοξε
698 846 831 886 πᾶσιν
860 841 1069 912 αφρόνως
1098 846 1436 899 βεβουλεῦσθαι,
1466 846 1539 888 καὶ

147 902 276 948 πόλιν
311 900 622 956 ἐπικαιρότατα
654 899 864 970 κειμένην
903 899 1015 969 προς
1052 900 1102 943 vo*
1133 902 1402 944 διακωλῦσαι
1432 902 1538 952 τοὺς
1595 905 1624 948 5

147 960 386 1013 πολεμίους
415 957 462 1001 ἐκ
489 961 566 1013 τῆς
596 955 818 1027 Εὐρώπης
847 958 908 1007 εἰς
937 973 1018 1013 την
1039 954 1192 1000 Ἀσίαν
1221 956 1435 1028 περαιοῦν
1463 975 1542 1009 τας

149 1016 357 1071 δυνάμεις
395 1014 566 1057 ἀκονιτὶ
604 1012 824 1067 προέσθαι
862 1018 955 1063 τοῖς
993 1015 1232 1083 πολεμίοις.
1278 1012 1543 1066 ακολούθως

149 1074 196 1116 δὲ
224 1090 277 1130 τῃ
307 1070 510 1142 διαλήψει
531 1069 676 1141 ταύτῃ
714 1070 788 1113 καὶ
818 1069 868 1113 τὸ
898 1073 990 1113 τῶν
1018 1068 1380 1125 αποτελεσματων
1409 1072 1542 1127 ἔργον

78 1128 395 1200 575ἐπληριόθη
431 1126 455 1171 6
471 1144 569 1198 γαρ
590 1129 792 1170 Σκιπίων
820 1143 902 1182 την
930 1127 1062 1170 πόλιν
1089 1127 1349 1197 καταλαβών
1378 1128 1542 1186 ἔρημον

148 1185 406 1257 αὐτοματως
436 1182 674 1253 εὐημέρησε
704 1181 870 1240 ταύτην
898 1183 1172 1239 καταλαβών.
1570 1194 1624 1235 10

248 1242 346 1286 Ότι
376 1239 565 1295 Μάρκος
597 1241 817 1290 Φολούιος
853 1241 1093 1310 στρατηγὸς
1131 1240 1192 1284 ὠν
1223 1240 1540 1298 παρανομήσας

147 1301 208 1353 εἰς
253 1299 361 1350 τούς
401 1315 512 1342 κατα
555 1314 639 1368 την
683 1297 955 1353 Λιγυστικήν
999 1296 1255 1371 συμμάχους
1305 1299 1424 1353 ἔτυχε
1465 1303 1541 1354 τῆς

144 1355 450 1413 προςηκούσης
479 1354 711 1406 κολάσεως.
763 1355 1001 1407 παρελθών
1030 1371 1113 1410 γαρ
1145 1358 1205 1406 εἰς
1234 1371 1341 1405 τους
1371 1356 1541 1411 ὀνομα-

145 1414 354 1469 ζομένους
383 1411 676 1482 Κενομανους
707 1428 767 1462 ως
800 1414 929 1466 φίλος
957 1414 1182 1464 παρείλετο
1213 1429 1266 1455 τα
1299 1411 1427 1462 ὅπλα,
1459 1429 1541 1481 μη·
1573 1420 1625 1464 15

145 1473 222 1516 δὲν
252 1470 360 1525 ἔχων
389 1470 592 1539 ἔγκλημα.
639 1467 664 1511 ὁ
696 1468 742 1511 65
770 1467 939 1518 ὕπατος
968 1468 1221 1524 πυθόμενος
1256 1468 1306 1512 τό
1344 1468 1542 1524 γεγονός,

143 1527 319 1577 τούτοις
347 1526 428 1582 μὲν
457 1524 654 1568 απέδωκε
682 1541 736 1568 τα
766 1523 900 1576 ὅπλα,
930 1525 1008 1570 τὸν
1038 1526 1084 1569 δὲ
1113 1525 1307 1581 Μάρκον
1332 1526 1542 1582 ἐζημίωσε

216 1584 346 1626 ἀασι.

144 1601 236 1643 χρη
247 1640 347 1682 ’Ότι
370 1637 591 1706 Ἀντίοχος
619 1634 801 1692 ἀπορῶν
816 1637 1084 1707 χρημάτων,
1128 1636 1309 1682 ἁκούων
1346 1637 1392 1682 δὲ
1430 1655 1541 1682 κατα

143 1695 225 1768 τήν
257 1695 495 1765 Ἐλυμαΐδα
530 1696 580 1737 τὸ
619 1694 741 1747 ἱερὸν
779 1693 828 1737 τὸ
867 1698 947 1737 τοῦ
988 1696 1139 1750 Βήλου
1177 1695 1320 1738 πολύν
1359 1695 1407 1738 ἐκ
1447 1712 1538 1738 των

143 1750 443 1823 ἀναθημάτων
472 1751 584 1805 ἔχειν
614 1749 813 1805 ἄργυρόν
842 1767 886 1793 τε
925 1752 999 1794 καὶ
1035 1749 1213 1807 χρυσόν,
1255 1751 1366 1807 ἔγνω
1406 1756 1538 1795 τοῦτο
1568 1762 1625 1802 20

143 1815 341 1879 συλῆσαι.
373 1808 448 1852 καὶ
475 1808 599 1863 ἥκων
628 1809 688 1857 εἰς
715 1806 796 1862 τήν
821 1805 1070 1861 Ἐλυμαΐδα,
1104 1809 1178 1851 καὶ
1208 1808 1537 1863 καταιτιασαμε-

142 1883 221 1918 νος
249 1865 355 1917 τούς
383 1864 619 1932 ἐγχωρίους
645 1863 841 1918 πολέμου
869 1864 1189 1920 καταρχεσθαι,
1228 1865 1278 1909 τὸ
1307 1866 1388 1921 μὲν
1419 1865 1539 1920 ἷερόν

142 1923 345 1979 ἐσύλησε,
375 1919 609 1992 χρημάτων
637 1921 683 1964 δὲ
711 1905 881 1976 πληθος
911 1921 1130 1977 ἀθροίσας
1158 1921 1265 1979 ταχύ
1295 1926 1371 1978 τῆς
1400 1938 1539 1978 προς-

141 1980 334 2053 ηκούσης
362 1979 408 2022 ἐκ
437 1981 557 2022 θεῶν
586 1977 704 2033 ἔτυχε
733 1977 964 2029 κολάσεως.

243 2037 344 2080 ’Ότι
373 2034 398 2079 6
431 2035 706 2090 Φιλοποίμην
737 2032 760 2078 ὁ
789 2051 881 2078 των
914 2032 1102 2090 Ἀχαιῶν
1142 2033 1386 2106 στρατηγός
1422 2033 1534 2089 ανὴρ
1566 2038 1620 2081 25

142 2093 333 2165 ἐγεγόνει
361 2103 574 2161 φρονησει
595 2092 669 2135 καὶ
692 2093 930 2148 στρατηγία
957 2093 1031 2135 καὶ
1059 2096 1153 2143 ταῖς
1183 2092 1333 2144 ἄλλαις
1362 2090 1537 2147 ἀρεταῖς

143 2151 388 2206 διαφέρων,
435 2165 580 2192 παντα
618 2148 698 2191 τὸν
735 2153 817 2192 τοῦ
856 2153 932 2204 ζῆν
968 2147 1134 2205 χρόνον
1171 2149 1539 2221 πεπολιτευμένος

143 2207 395 2279 ἀμέμπτως
425 2206 501 2250 καὶ
529 2204 738 2256 πολλακις
766 2205 846 2275 μὲν
876 2208 1136 2275 στρατηγίας
1164 2205 1353 2262 ηξιώθη,
1384 2217 1538 2249 τεσσα-

143 2263 334 2336 ράκοντα
371 2263 442 2319 ἐτη
481 2267 563 2306 τοῦ
603 2261 919 2318 πολιτεύματος
956 2261 1222 2334 ηγούμενος,
1263 2263 1447 2319 μάλιστα
1489 2262 1536 2306 δὲ
1565 2266 1620 2306 80

141 2338 232 2364 των
261 2320 402 2364 ἄλλων
432 2322 493 2371 είς
521 2319 677 2364 κοινὸν
695 2319 896 2391 ηὕξηκως
915 2319 996 2376 τήν
1013 2318 1192 2390 Ἀχαιῶν
1211 2321 1536 2376 συμπολιτείαν,

139 2376 268 2449 πρός
279 2392 326 2420 τε
353 2376 458 2428 τούς
487 2376 665 2427 ἰδιώτας
692 2375 949 2448 ἡμερώτατα
977 2360 1317 2433 πολιτευόμενος
1356 2377 1428 2420 καὶ
1473 2374 1536 2419 δι”

138 2433 302 2490 ἀρετὴν
331 2449 449 2488 παρα
474 2432 702 2490 Ῥωμαίων
741 2432 964 2505 αποδοχῆς
1007 2434 1237 2502 τετευχώς,
1281 2434 1351 2477 ἐπὶ
1384 2434 1430 2476 δὲ
1461 2436 1538 2488 τῆς

141 2496 227 2535 τοῦ
269 2493 372 2561 βίου
409 2495 717 2561 καταστροφῆς
756 2489 980 2562 αγνώμονι
1017 2489 1126 2563 τύχῃ
1168 2491 1532 2547 συγκεχρημένος.

142 2547 237 2592 ἀλλ’
268 2547 386 2602 όμως
415 2547 522 2602 μετα
552 2547 635 2617 την
663 2548 866 2618 τελευτην
898 2546 1080 2603 ωςπερεί
1108 2564 1196 2591 τινι
1224 2553 1278 2616 θε
1282 2550 1325 2607 ίᾳ
1345 2548 1537 2613 προνοίᾳ
1561 2550 1617 2593 35

141 2605 219 2658 τὰς
259 2605 466 2656 ἰσοθέους
503 2621 628 2661 τιμας
665 2602 879 2663 ἠλλάξατο
920 2609 1010 2649 τῶν
1048 2621 1160 2650 κατα
1200 2604 1282 2663 τήν
1327 2601 1533 2660 τελευτην

141 2741 199 2779 95.
224 2739 290 2777 cdv
314 2740 371 2785 δὲ]
394 2740 517 2775 mnHm
541 2738 607 2776 τόν
629 2753 668 2777 τε

232 2788 315 2825 5Ί5.
339 2788 398 2825 85.
422 2787 598 2830 ἰσοθέους
621 2787 799 2830 Valesius,
823 2787 875 2830 εἰς
898 2788 1015 2831 θεοὺς
1037 2789 1067 2824 V
