1968 3346
495 195 798 242 EXCERPTA
824 194 1018 249 PHOTII
1049 196 1098 238 L.
1127 193 1319 238 XXXIV.
1546 196 1605 240 53

208 327 416 368 κηματων
458 309 766 360 ἅνταπόδοσις
797 308 877 352 τόν
913 307 960 352 δὲ
998 305 1265 377 Λαμόφιλον
1292 324 1367 351 και
1394 323 1475 364 την
1502 310 1600 351 Με-

204 371 389 424 γαλλίδα
418 369 478 420 εἷς
507 367 587 424 τήν
615 366 745 409 πόλιν
775 367 818 408 οἱ
848 363 1164 418 ἀπεσταλμένοι
1193 364 1472 416 ἑλκύσαντες,
1518 363 1595 414 ὥς·

204 441 287 479 περ
318 425 506 481 ἔφημεν,
555 425 615 474 εἰς
640 421 689 465 τὸ
719 422 912 475 θέατρον
956 421 1207 476 εἰςήγαγον,
1243 419 1592 492 συνεληλυθότος
1620 424 1676 468 75

203 481 402 525 ἐνταῦθα
430 485 513 525 τοῦ
540 478 742 535 πλήθους
781 482 870 521 τῶν
911 477 1182 521 ἀποστατῶν
1223 478 1298 521 καὶ
1333 483 1414 520 τοῦ
1444 482 1593 533 Δαμο-

204 539 340 611 φίλου
372 537 668 607 τεχνάσασθαί
696 553 738 578 τι
759 534 870 588 πρὸς
894 551 973 590 την
1003 535 1221 604 σωτηρίαν
1250 534 1591 605 έγχειρήσαντος,

201 595 277 639 καὶ
304 594 496 644 πολλοὺς
526 597 607 636 τοῦ
637 591 836 648 πλήθους
865 596 958 642 τοῖς
983 588 1131 645 λόγοις
1161 589 1453 646 ἐπαγομένου,
1491 589 1591 646 Ἑρ-

201 653 327 721 μείας
354 651 427 694 καὶ
450 651 604 702 Ζεῦξις
633 653 800 702 πικρῶς
820 646 929 702 πρὸς
958 647 1098 689 αὐτόν
1129 648 1393 716 διακείμενοι
1420 648 1590 690 πλάνον

200 724 248 752 τε
268 705 519 750 ἀπεκάλουν
547 706 621 749 καὶ
651 703 736 748 ου’κ
776 703 1082 759 ἀναμείναντες
1111 702 1193 772 τὴν
1216 702 1375 759 ἀκριβῆ
1404 708 1482 747 τοῦ
1513 703 1585 773 δή-
1615 708 1671 749 80

199 780 289 833 μου
326 765 472 817 κρίσιν
505 761 529 807 6
569 762 648 818 μὲν
688 760 759 805 διὰ
788 765 878 805 τῶν
915 763 1119 829 πλευρῶν
1147 758 1196 803 τὰ
1237 762 1368 831 ξίφος
1392 757 1519 809 ω’θεῖ,
1558 758 1583 804 6

199 820 247 863 δὲ
285 819 452 863 πελέκει
489 818 569 862 τόν
605 817 820 888 τράχηλον
853 816 1023 867 {Quowsv
1055 815 1223 865 ἐκεῖθεν
1252 818 1364 869 αἱρει
1367 833 1436 859 ται
1465 820 1585 873 βασι-

198 875 301 928 λευς
329 875 353 920 ὁ
384 876 563 927 Εὔνους
592 874 691 919 οὔτε
723 873 785 918 δι’
825 872 1032 945 ἀνδρείαν
1061 871 1162 915 οὔτε
1193 872 1266 916 διὰ
1293 875 1585 958 στρατηγίαν,

198 931 272 976 διὰ
316 933 363 976 δὲ
403 932 547 989 μόνην
592 934 815 985 τερατείαν
852 931 926 973 καὶ
954 928 1005 973 τὸ
1034 933 1109 984 τῆς
1137 927 1414 981 ἀποστάσεως
1444 929 1584 1000 ἄρξαι,
1613 931 1669 975 85

199 989 297 1058 ἃμα
320 990 367 1033 δὲ
396 990 469 1033 καὶ
497 993 576 1057 τῆς
611 990 908 1057 πρρςηγορίας
945 989 1082 1031 οἷονεί
1110 1003 1208 1030 τινα
1244 986 1382 1030 καλὸν
1420 986 1585 1030 οἰωνὸν

197 1044 380 1101 ἐχούσης
395 1045 509 1116 πρὸς
526 1045 607 1100 τήν
625 1050 716 1088 τῶν
743 1041 1107 1113 ὑποταττομένων
1137 1041 1327 1087 εὔνοιαν.
1356 1060 1446 1087 των
1468 1042 1585 1088 ὅλων

127 1104 244 1146 528ὸὲ
273 1107 366 1153 τοῖς
395 1101 661 1152 αποστάταις
689 1101 904 1150 καταστὰς
932 1099 1111 1153 κύριος,
1136 1101 1211 1144 καὶ
1242 1099 1504 1157 συναγαγων
1521 1101 1586 1146 ἐκ·

195 1160 402 1229 κλησίαν,
442 1158 584 1202 ἀνεῖλε
625 1174 704 1214 μεν
742 1156 846 1209 τοὺς
883 1155 1206 1227 ἐζωγρημένους
1242 1174 1333 1200 των
1359 1159 1583 1206 Ἐνναίων.

194 1214 318 1266 ὅσοις
347 1213 432 1259 οὐκ
460 1218 517 1272 ἦν
542 1215 577 1286 ἡ
600 1215 725 1271 τέχνη
757 1214 870 1258 ὅπλα
900 1213 1178 1278 ἐργάζεσθαι,
1219 1213 1413 1265 ἐκείνους
1442 1216 1489 1258 δὲ
1520 1217 1582 1258 δε·
1611 1219 1668 1260 90

193 1272 404 1328 δεμέιους
433 1277 525 1324 τοῖς
553 1272 699 1327 ἔργοις
727 1269 960 1327 ὑπέβαλεν.
993 1270 1127 1314 ἔδωκε
1155 1271 1201 1315 δε
1231 1272 1305 1314 καὶ
1331 1278 1427 1322 ταῖς
1455 1279 1586 1327 θερα-

191 1331 370 1379 παίναις
407 1330 490 1386 τὴν
535 1330 784 1398 Μεγαλλίδα
825 1328 1076 1401 χρήσασθαι
1117 1327 1176 1379 ὥς
1229 1327 1285 1371 ἂν
1330 1327 1588 1399 βούλοιντο·

191 1387 266 1429 καὶ
296 1381 426 1429 αὗται
446 1384 797 1456 κατεκρήμνισαν
824 1384 1113 1440 αἰκισάμεναι.
1144 1384 1218 1428 καὶ
1249 1382 1382 1437 αὐτὸς
1407 1386 1454 1430 δε
1482 1385 1588 1436 τούς

191 1444 332 1494 ἰδίους
361 1441 502 1486 οἷνεῖλε
542 1445 728 1496 κυρίους
745 1440 981 1512 Ἀντιγένη
1011 1442 1084 1483 καὶ
1116 1441 1327 1485 Πύθωνα
1357 1443 1589 1511 περιθέμε-

189 1516 267 1550 νος
297 1501 343 1543 δὲ
371 1499 569 1569 διάδημα
591 1500 665 1542 καὶ
693 1497 838 1542 παντα
867 1497 919 1541 τὰ
951 1498 1059 1541 α’λλα
1087 1497 1140 1541 τά
1172 1498 1269 1552 περὶ
1300 1498 1437 1543 αὐτόν
1464 1503 1584 1554 βασι·
1613 1501 1671 1546 95

190 1560 321 1607 λικῶς
355 1555 670 1613 διακοσμήσας,
707 1555 788 1612 τήν
827 1571 872 1597 τε
915 1557 1193 1609 συμβιοῦσαν
1242 1554 1385 1615 αὐτῷ,
1425 1555 1586 1612 Σύραν

189 1613 263 1656 καὶ
293 1617 553 1666 συμπολῐτιν
584 1615 746 1664 οὐσαν,
778 1613 1037 1681 βασίλισσαν
1067 1611 1309 1663 ἀποδείξας,
1334 1603 1584 1671 συνέδρους

187 1685 233 1712 τε
272 1669 376 1720 τοὺς
418 1669 591 1712 συνέσει
636 1670 878 1718 δοκοῦντας
887 1666 1135 1738 διαφέρειν
1162 1667 1480 1737 ποιησάμενος,
1520 1672 1584 1714 ὠν

186 1742 244 1781 ην
280 1725 444 1781 Ἀχαιός
481 1726 555 1769 καὶ
592 1724 791 1780 τοῦνομα
829 1726 903 1768 καὶ
931 1723 981 1767 τὸ
1015 1726 1163 1793 γένος,
1194 1741 1306 1780 ανηρ
1335 1727 1410 1768 καὶ
1439 1729 1584 1785 βουλῇ
1614 1730 1697 1771 100

186 1783 262 1825 καὶ
290 1783 399 1837 χειρὶ
427 1781 676 1850 διαφέρων,
715 1782 788 1824 καὶ
829 1782 876 1825 ἐν
912 1783 1056 1834 τρισὶν
1083 1779 1265 1848 ἡμέραις
1292 1784 1469 1834 πλείους
1497 1787 1587 1828 τῶν

185 1837 477 1893 έξακιςχιλίων
515 1837 594 1881 τὸν
633 1836 826 1881 δυνατόν
867 1839 1140 1887 καθοπλίσας
1170 1836 1360 1892 τρόπον,
1400 1842 1475 1883 καὶ
1504 1840 1587 1885 ἑτέ-

188 1911 295 1949 ρους
335 1893 696 1966 συνεπαγόμενος
726 1893 893 1946 αξίναις
932 1895 1006 1938 καὶ
1045 1893 1240 1937 πελέκεσι
1278 1896 1528 1951 χρωμένους
1554 1898 1586 1970 η’

187 1951 452 2007 σφενδόναις
490 1951 518 2007 ἢ
558 1950 792 2004 δρεπανοις
837 1950 865 2006 ἢ
903 1950 1051 2003 ξύλοις
1097 1952 1513 2007 πεπυρακτωμένοις
1554 1955 1585 2012 ἢ

185 2009 261 2052 καὶ
289 2010 508 2064 μαγείρων
521 2008 712 2077 ὀβελοῖς,
743 2007 864 2063 ἐπῄει
889 2012 1036 2051 πᾶσαν
1065 2011 1288 2075 λεηλατῶν
1317 2009 1398 2065 τὴν
1417 2011 1579 2065 χώραν,
1638 2016 1667 2059 5

184 2066 262 2110 καὶ
298 2069 468 2121 πλῆθος
513 2063 696 2120 α’πειρον
739 2066 919 2108 οἰκετῶν
969 2063 1320 2120 προςλαμβάνων
1360 2066 1582 2125 ἐθάρῥησε

183 2123 259 2167 καὶ
289 2126 543 2191 στρατηγοῖς
566 2121 792 2191 Ῥωμαίων
820 2126 1086 2195 πολεμῆσαι,
1122 2121 1198 2165 καὶ
1226 2126 1491 2193 συμπλακεὶς
1519 2129 1581 2195 τῷ

184 2177 342 2249 πληθει
382 2177 592 2229 πολλάκις
620 2176 878 2247 ἐκράτησεν,
921 2179 1031 2234 ἔχων
1058 2176 1142 2234 ἤδη
1177 2178 1441 2233 στρατιώτας
1468 2179 1580 2252 ὑπερ

182 2236 289 2287 τούς
316 2237 514 2306 μυρίους
546 2234 594 2279 έν
622 2233 763 2292 τούτῳ
794 2235 841 2279 δὲ
869 2236 1023 2279 Κλέων
1049 2251 1115 2285 τις
1144 2236 1269 2286 Κίλιξ
1298 2234 1443 2282 ἄλλων
1473 2238 1580 2283 δού-
1610 2247 1666 2288 10

183 2296 275 2336 λων
314 2291 593 2342 ἀποστάσεως
630 2280 747 2347 ἦρξε.
783 2292 858 2336 καὶ
885 2291 1063 2336 πάντων
1091 2296 1186 2341 ταῖς
1214 2291 1354 2337 ἐλπίσι
1380 2311 1579 2366 μετεωρι-

184 2349 384 2393 σθέντων
421 2347 481 2400 ὠς
511 2347 843 2420 ἀντιπολεμησει
882 2348 936 2393 τὰ
977 2348 1271 2396 στασιάσαντα
1307 2350 1419 2405 πρὸς
1455 2350 1578 2410 ἀλλή-

185 2410 292 2457 λους
340 2405 415 2450 καὶ
463 2402 591 2449 αὐτοὶ
647 2405 835 2459 ἑαυτοὺς
880 2408 926 2452 οἱ
962 2403 1205 2453 ἀποστάται
1242 2408 1577 2466 διαφθείροντες

0 2556 21 2596 h·
182 2551 243 2589 75.
268 2551 576 2599 συνεληλυθότος]
600 2552 909 2612 συνεληλυθότων
930 2555 971 2592 Β
1121 2555 1182 2591 79.
1205 2554 1339 2601 αὐτόν]
1364 2552 1482 2592 αὐτόν
1506 2554 1578 2592 αὔ-

183 2599 244 2636 τοὶ
264 2601 298 2635 Β
447 2600 504 2635 82.
528 2600 639 2659 ω’θεῖ]
666 2600 761 2637 ὤθει
780 2603 889 2638 Amet.
1040 2601 1100 2639 85.
1123 2604 1187 2641 καὶ
1209 2605 1288 2650 τῆς]
1312 2603 1375 2639 καὶ
1396 2600 1440 2640 τὸ
1462 2604 1527 2649 τῆς
1544 2603 1576 2640 A

276 2646 335 2680 87.
359 2643 528 2693 εὔνοιαν]
553 2647 683 2684 ἕνοιαν
704 2649 817 2685 Amat.

11 2669 16 2699 t

7 2713 16 2744 ⁴
275 2724 358 2761 528
383 2725 441 2761 89.
477 2724 596 2763 ανεῒλε
618 2739 687 2773 μεν
709 2728 761 2772 Α,
795 2727 925 2763 caeteri
956 2723 1078 2765 ἆνεῖλε
1259 2728 1318 2764 90.
1347 2726 1509 2769 ἐκείνους
1532 2728 1573 2767 δὲ

8 2760 21 2816 ¹}
184 2771 237 2815 Β,
260 2773 390 2807 caeteri
415 2772 578 2814 ἐκείνους
697 2774 755 2809 91.
779 2772 848 2809 ’ὖπε
843 2774 962 2822 ’βαλεν
984 2776 1188 2809 Bekkerus:
1212 2775 1296 2809 libri
1318 2771 1520 2820 ’ὑπέβαλλεν

0 2817 20 2842 ssss‘
228 2797 290 2854 ’94-
321 2816 511 2867 Πύθωνα]
535 2817 699 2857 meum
717 2821 826 2856 Amat.
965 2820 1024 2857 99.
1049 2820 1197 2868 Ἀχαιός]
1222 2818 1374 2868 ἀρχαῖος
1390 2823 1423 2864 Β
