1968 3346
397 215 699 260 EXCERPTA
727 214 1014 259 VATICANA
1043 215 1091 259 L.
1111 214 1243 261 XXII.
1463 221 1523 265 53

266 329 471 386 αἰχματαὶ
499 329 571 372 καὶ
601 330 689 372 νῦν
717 328 793 372 καὶ
819 326 963 383 πάρος
991 329 1217 373 Αἰακίδαι.

237 397 486 447 συνειδότες
515 391 598 440 οὖν
628 396 801 448 ἑαυτοῖς
837 394 1076 467 ἠσεβηκόσι
1116 397 1373 469 τηλικαῦτα
1383 411 1514 469 προς·

124 453 294 499 εδόκων
332 453 508 504 εἰκότως
543 452 771 506 τεύξεσθαι
811 457 884 510 τῆς
914 451 1188 512 ἁρμοζούσης
1222 459 1316 508 τοῖς
1347 453 1512 514 ἀνομή-

123 522 230 568 μασι
257 512 482 568 τιμωρίας.

260 637 317 672 53.
345 637 378 670 1.
413 635 600 690 αἰχματαὶ]
627 640 773 672 Pausan.
796 638 891 670 Plut.
915 637 1011 671 anth.
1036 635 1227 682 αἰχμηταί.
1263 639 1361 672 MAI.

262 684 320 717 53.
343 684 379 716 2
423 680 634 728 ἠσεβηκόσι]
670 679 875 728 ήσηβηκόσι
910 684 965 716 ed
1000 685 1102 717 Rom.
1164 684 1269 725 Quod
1301 685 1512 729 sequebatur

166 726 418 773 προςεδόκουυ
442 732 594 764 tuiturus
615 738 689 765 erat
705 730 1003 769 Hemsterhusius‚
1031 742 1132 774 quem
1149 743 1181 762 v.
1202 730 1247 763 ad
1267 732 1379 764 schol.
1398 732 1511 765 Arist.

168 776 262 809 Plut.
287 789 319 808 v
348 777 447 810 1128.
485 777 565 810 Exc.
587 777 772 809 Hoeschel.
794 789 827 820 p.
846 773 926 809 504.
952 775 1008 810 58.
1031 776 1357 819 προςδοκουντοις
1348 789 1382 811 1n
1400 789 1510 820 προς-

166 822 357 862 δοκῶντας
388 829 558 855 mutatum
592 823 893 856 consentientibus
917 823 979 856 V?
975 823 1112 855 esianis
1146 835 1181 867 p.
1202 821 1283 858 564.
1308 823 1366 859 92
1398 835 1510 869 προς-

167 868 298 913 δοκοίη
325 869 437 903 exemi
459 869 693 913 Xenophonti
717 869 761 902 de
785 875 861 902 arte
886 880 950 913 eqt
962 869 1040 902 astri
1063 870 1157 904 VIII.
1182 867 1238 908 14·

212 981 270 1016 53.
294 981 329 1017 4.
373 981 497 1017 Sermo
529 993 604 1016 esse
634 981 772 1016 videtur
803 982 846 1015 de
871 981 1005 1023 Gallis,
1039 981 1099 1024 qui
1124 982 1207 1017 fano
1239 981 1403 1027 delphico
1424 992 1510 1026 epo—

119 1027 206 1062 liato
229 1039 358 1072 poenas
382 1040 404 1062 a
426 1028 568 1062 numine
591 1027 728 1062 vindice
751 1029 988 1071 expectabant.
1024 1028 1163 1071 Reapse
1190 1028 1234 1062 ad
1258 1040 1368 1067 unum
1391 1039 1512 1066 omues

119 1074 227 1110 variis
249 1074 406 1110 cladibus
430 1075 680 1111 occubuerunt.
726 1074 871 1110 Diodor.
890 1074 1001 1110 xxu.
1025 1086 1061 1120 p.
1078 1074 1160 1113 497.
1191 1074 1292 1111 MAI.
