1968 3346
421 227 480 267 84
650 220 949 264 EXCERPTA
975 219 1263 263 VATchNA
1297 221 1348 262 1..
1368 221 1463 264 vll.
1472 221 1590 264 -Χ,

426 334 563 390 μηδὲν
588 335 768 376 τοιοῦτο
797 336 940 375 ποιεῖν
969 331 1215 388 ε’γγραφον,
1253 331 1366 376 ἄλλα
1396 331 1470 376 διὰ
1499 331 1671 390 μνήμης
1700 334 1813 391 ἔχειν

428 392 483 435 τοὶ
512 387 910 446 παραγγελλόμενα.

543 468 780 510 XXXVIII.
808 467 906 511 ““Ὀτι
931 466 956 511 ὁ
989 465 1263 522 Πυθαγόρας
1298 465 1409 536 πρός
1440 471 1533 518 τοῖς
1562 468 1708 522 ἄλλοις
1735 486 1818 515 πα-

433 524 635 596 ρήγγελλε
663 528 755 574 τοῖς
795 523 1076 594 μανθάνουσι
1117 525 1308 574 σπανίως
1337 524 1417 593 μὲν
1453 521 1666 578 ὀμνύναι,
1717 544 1815 598 χρη-

407 582 677 652 ὅσαμένους
682 580 728 623 δὲ
757 585 847 631 τοῖς
865 580 1027 650 ὅρκοις
1055 577 1228 629 πάντως
1250 579 1448 648 ἐμμένειν
1470 582 1545 624 καὶ
1570 583 1682 653 πρὸς
1699 584 1819 635 τέλος

437 638 560 710 α’γειν
600 635 712 690 ὑπὲρ
755 638 818 679 ὠν
856 635 912 679 ἄν
940 654 1004 687 τις
1043 634 1183 703 ὀμόσῃ
1214 635 1505 706 πραγμάτων,
1547 636 1628 694 οὐχ
1658 637 1820 694 ὁμοίαν

439 694 680 764 ἀπόφασιν,
693 692 957 748 ποιούμενος
963 691 1224 763 Λυσάνδρῳ
1255 709 1299 736 τε
1336 697 1398 748 τῷ
1426 691 1609 738 Λακωνι
1637 697 1712 739 καὶ
1731 702 1822 753 Δη-

439 749 555 808 μάδη
590 767 650 806 τῳ
669 746 915 820 Ἀθηναίῳ,
947 752 1009 792 ὠν
1039 747 1063 792 ὁ
1081 749 1170 818 μὲν
1197 747 1458 817 απεφαίνετο
1488 750 1593 802 τοὺς
1621 752 1700 821 μὲν
1724 758 1822 796 παῖ-

442 811 521 858 δας
561 809 653 850 δεῖν
693 805 908 857 ἐξαπατᾶν
941 810 1035 856 τοῖς
1067 802 1377 860 αστραγάλοις,
1423 805 1530 857 τούς
1570 807 1616 851 δὲ
1657 807 1824 862 ἄνδρας

388 870 536 915 1οτοῖς
571 862 745 928 ὅρκοις,
795 861 817 905 6
849 863 894 906 δε
934 861 1323 932 διαβεβαιούμενος
1367 861 1434 905 ὅτι
1476 865 1544 906 δεῖ
1569 864 1618 907 τό
1657 870 1825 909 λυσιτε-

443 921 649 964 λέστατον
680 917 818 986 ω’ςπερ
850 919 918 962 επὶ
947 922 1035 961 τῶν
1065 917 1209 961 ἄλλων
1239 918 1353 961 οὕτω
1375 919 1447 962 καὶ
1469 919 1538 962 ἐπι
1560 925 1650 964 τῶν
1679 922 1826 975 ὅρκων

446 979 689 1031 αιρεῖσθαι·
730 974 842 1032 ὁρᾶν
874 975 920 1018 δε
950 974 1028 1017 τὸν
1058 974 1378 1044 επιορκήσαντα
1407 982 1671 1034 παραχρῆμα
1699 976 1824 1022 ταῦτ’

445 1035 599 1089 ε’χοντα
637 1033 735 1087 περὶ
767 1033 830 1074 ὠν
859 1030 1026 1099 ὤμοσε,
1065 1031 1143 1074 τὸν
1183 1033 1230 1074 δε
1268 1030 1496 1086 ὁρκίζοντα
1536 1039 1740 1089 φανερῶς
1776 1034 1826 1078 τὸ

445 1093 564 1134 ἰ’διον
595 1087 859 1157 ἀπολλύντα.
889 1086 1058 1131 τούτων
1079 1105 1161 1158 γαρ
1188 1087 1392 1142 ἑκάτερος
1421 1087 1475 1131 οὐ
1503 1090 1705 1146 καθαπερ
1739 1095 1830 1135 Πυ-

393 1145 648 1201 15θαγόρας
683 1142 956 1215 ὑπεστήσατο
987 1144 1064 1187 τὸν
1103 1144 1242 1198 ὅρκον
1271 1150 1384 1187 εἰναι
1413 1147 1594 1197 πίστεως
1623 1148 1831 1204 ἐνέχυρον

448 1204 657 1261 βέβαιον,
689 1199 786 1244 ἀλλ’
821 1203 1172 1256 αἰσχροκερδείας
1201 1202 1274 1244 καὶ
1306 1218 1473 1257 απατης
1503 1203 1670 1258 δέλεαρ.

561 1281 755 1322 ΧΧΧΙΧ.
795 1279 894 1322 “On
927 1278 1204 1349 Πυθαγόραν
1244 1280 1381 1335 φασιν
1411 1280 1498 1325 ὑπό
1525 1298 1645 1333 τινος
1674 1298 1830 1353 ερωτη-
1842 1291 1889 1327 32

448 1338 586 1388 θέντα
625 1335 730 1378 πότε
769 1336 981 1391 χρηστέον
1019 1334 1298 1392 ἀφροδισίοις
1337 1339 1473 1381 εἰπεῖν
1500 1337 1638 1382 Ὀταν
1671 1338 1832 1384 ἑαυτοῦ

452 1394 585 1464 θέλῃς
614 1392 757 1448 ήττων
785 1393 1002 1447 γενέσθαι.

395 1463 451 1504 20
554 1449 654 1492 Ὀτι
691 1450 734 1492 οἱ
767 1448 1071 1503 Πυθαγόρειοι
1095 1447 1296 1518 διῄρουν
1331 1450 1407 1493 καὶ
1443 1467 1521 1502 τας
1549 1449 1717 1508 ἡλικίας
1747 1456 1835 1496 τῶν

455 1502 709 1559 ανθρώπων
740 1507 800 1556 εἰς
835 1505 1021 1560 τέσσαρα
1055 1503 1187 1574 μέρη,
1218 1506 1398 1558 παιδός,
1429 1507 1556 1559 νέου,
1587 1511 1835 1560 νεανίσκου,

451 1564 683 1631 γέροντος,
713 1563 787 1605 καὶ
814 1561 985 1605 τούτων
1016 1561 1201 1630 ἑκάστην
1231 1563 1401 1618 ε’φασαν
1431 1562 1605 1634 ὁμοίαν
1610 1563 1722 1608 εἶναι
1743 1571 1837 1638 ταῖς

454 1635 565 1664 κατα
603 1618 681 1663 τόν
711 1617 913 1662 ἐνιαυτὸν
951 1622 1041 1661 τῶν
1084 1617 1212 1673 ὥρων
1241 1623 1518 1688 μεταβολαῖς,
1560 1619 1608 1663 τὸ
1640 1621 1720 1676 μὲν
1760 1623 1836 1678 εἀρ

454 1680 516 1733 τῷ
556 1676 680 1719 παιδὶ
711 1673 925 1726 διδόντες,
963 1675 1032 1718 τό’
1053 1674 1098 1718 δὲ
1132 1674 1430 1744 φθινόπωρον
1467 1681 1529 1736 τῷ
1568 1675 1720 1733 ανδρί,
1757 1695 1837 1735 χει-

394 1736 585 1789 »25μωνα
612 1735 676 1790 τῷ
704 1732 899 1789 γέροντι,
929 1730 978 1775 τὸ
1013 1732 1059 1775 δὲ
1087 1731 1222 1787 θέρος
1249 1737 1311 1790 τῷ
1337 1732 1436 1792 νέῳ.

596 1855 653 1893 34.
679 1858 713 1893 5.
750 1852 928 1912 ορκοις]
916 1853 1041 1912 όρκοις
1064 1865 1100 1891 et
1123 1856 1315 1903 ὀρκίζοντα
1339 1867 1541 1896 constanter
1568 1863 1624 1897 ed.
1647 1865 1748 1899 Rom.

597 1904 656 1939 34.
683 1906 716 1938 6.
751 1900 880 1948 ὀμόσῃ]
909 1900 1025 1958 ὀμόσῃ
1051 1905 1105 1937 ed.
1131 1908 1230 1938 Rom.
1258 1914 1292 1938 et
1318 1907 1374 1941 13.
1401 1918 1557 1951 ωμοσεν.

597 1949 654 1985 34.
682 1952 736 1984 10.
770 1947 1110 2006 διαβεβαιούμενος]
1137 1951 1391 1997 διεβεβαιουτο
1416 1962 1633 1998 oportuerat.

597 1994 738 2030 34.11-
773 1994 883 2038 οὕτω]
915 1992 1035 2035 οὕτως
1063 1998 1118 2030 cd.
1141 1999 1244 2031 Rom.

599 2041 657 2076 34
686 2043 741 2076 16.
776 2042 1088 2085 αἰσχροκερδείας]
1112 2045 1243 2077 rectius
1267 2043 1555 2089 αἰσχροκερδίας.

598 2086 738 2122 34.18.
771 2088 898 2142 εἰπεῖν]
927 2093 1005 2122 εἰπε
1029 2090 1085 2122 ed.
1111 2089 1211 2122 Rom.

597 2132 742 2167 34.19.
777 2130 908 2177 ἥττων]
932 2129 1044 2188 ἧττον
1069 2135 1123 2168 ed.
1149 2137 1250 2170 Rom.

598 2176 655 2213 34.
679 2177 737 2212 24.
771 2180 823 2226 τῷ
846 2181 904 2223 m]
930 2181 1056 2225 incipit
1081 2180 1213 2214 codicis
1238 2194 1272 2226 p
1291 2176 1372 2214 247.

553 2287 610 2325 34.
634 2290 668 2327 5.
710 2293 943 2346 Praeceptum
966 2292 1193 2337 Pythagnrae
1217 2294 1293 2327 de·
1282 2306 1358 2328 nure
1381 2295 1529 2329 iurando
1552 2297 1647 2328 extat
1669 2307 1778 2337 usque
1801 2295 1846 2329 ad

461 2337 550 2370 haec
582 2338 691 2370 verba
724 2338 759 2371 in
792 2341 888 2372 vales
891 2339 979 2373 lanis
1011 2339 1180 2382 excerptis
1204 2338 1542 2385 wesse1.'r.11.p.
1569 2337 1649 2376 555.
1695 2342 1848 2385 Reliqua

461 2394 552 2416 nunc
577 2384 760 2417 adduntur
792 2385 890 2417 ἸΠΑΙ.

553 2427 610 2462 34.
637 2429 693 2462 10.
733 2431 900 2473 Polyaen.
922 2430 949 2462 Ι.
973 2429 1029 2463 45.
1054 2431 1150 2464 Mu.
1190 2431 1402 2465 Plutarchus
1434 2433 1503 2466 vol.
1525 2433 1567 2466 11.
1593 2445 1627 2476 p.
1643 2432 1722 2466 330.
1759 2437 1849 2468 Διο-

462 2472 590 2515 νύσιος
615 2472 654 2509 δε
679 2472 710 2529 6'¹
711 2474 906 2529 τύραννος
930 2474 1066 2511 ἐκέλευε
1091 2475 1178 2517 τούς
1201 2490 1268 2520 μεν
1292 2480 1432 2520 παῖδας
1461 2477 1725 2523 αστραγοὶλοις,
1758 2491 1849 2522 τους

464 2520 506 2555 6
532 2519 674 2564 ἀνδρας
698 2517 822 2564 ὅρκοις
846 2523 1044 2565 ἐξαπατᾶν.

553 2567 696 2600 34.16.
734 2568 968 2612 Flagitiosam
997 2568 1163 2602 Demadis
1196 2573 1270 2603 tum
1303 2569 1437 2603 dicendi
1468 2573 1542 2604 tum
1575 2570 1702 2614 agendi
1734 2570 1850 2614 impu-

464 2611 617 2645 dentiam
642 2613 771 2656 passim
794 2615 950 2647 lacerant
980 2614 1084 2656 prisci
1116 2618 1293 2656 auctores,
1328 2615 1426 2649 cuius
1449 2617 1574 2659 dignas
1598 2616 1744 2659 denique
1765 2628 1849 2660 poe-

465 2669 526 2692 nas
550 2658 602 2700 ips
606 2670 624 2691 c
649 2659 712 2692 luit
736 2671 757 2692 a
781 2659 846 2692 Ca
837 2658 955 2693 andro
980 2661 1054 2693 diro
1078 2661 1249 2703 supplicio
1274 2666 1423 2696 neca.1tus
1454 2643 1551 2695 Most

557 2703 695 2737 3121.
738 2705 914 2738 Rotundus
946 2711 1099 2739 aetatum
1132 2707 1216 2740 ordo
1247 2706 1438 2747 νεάνισκος
1470 2714 1545 2751 post
1576 2721 1613 2742 νε
1608 2705 1668 2748 ὀς.
1724 2708 1851 2742 Confer

465 2750 574 2782 etiam
598 2751 780 2783 Pollucem
801 2751 844 2783 ΙΙ.
872 2751 927 2785 11.
977 2753 1032 2785 N
1018 2750 1187 2793 εάιισκος
1218 2753 1358 2795 quidem
1381 2765 1415 2786 es
1419 2759 1432 2786 t
1462 2755 1682 2797 αιίιιίοεοεπε,
1715 2755 1757 2787 de
1783 2766 1851 2797 quo

464 2795 782 2876 Ιέἷίῐηοῦἷὲἳοὺυίο
815 2807 927 2841 pauca
959 2798 1047 2833 olim
1081 2798 1153 2832 dixi
1179 2809 1257 2843 cap.
1276 2799 1333 2834 IV.
1367 2800 1479 2843 praef.
1515 2800 1559 2834 ad
1592 2800 1663 2834 Cic.
1699 2800 1741 2834 dc
1775 2811 1850 2845 rep.
