1968 3346
453 196 513 238 68
732 191 1036 234 EXCERPTA
1064 191 1256 236 PHOTu
1288 193 1335 235 L.
1364 191 1576 234 XXXVII.

370 312 427 355 20
456 303 692 376 ἐστήσαντο
734 303 809 346 καὶ
848 300 1018 374 άγοράν
1057 301 1272 374 εὐμεγέθη
1309 301 1383 346 καὶ
1413 298 1747 371 βουλευτήριον,
1778 297 1854 341 καὶ

452 362 508 406 τά
550 359 661 405 άλλα
699 375 752 402 τα
793 359 905 416 πρὸς
943 359 1137 416 πόλεμον
1173 359 1387 415 ἀφθόνως
1426 358 1617 410 ἅπαντα,
1647 357 1724 401 καὶ
1752 371 1854 423 χρη-

455 416 606 475 μάτων
644 420 839 472 πλῆθος,
879 417 954 459 καὶ
991 420 1160 472 τροφῆς
1198 419 1359 486 δαψιλῆ
1389 417 1612 486 χορηγίαν.
1652 409 1856 465 συνεστή-

455 486 594 518 σαντο
643 473 691 517 δὲ
729 473 803 516 καὶ
840 472 1092 528 σύγκλητον
1128 473 1286 542 κοινὴν
1327 472 1626 516 πεντακοσίων
1662 467 1854 521 ἀνδρῶν,

455 530 499 582 ἐξ
537 531 602 573 ὠν
642 530 690 573 οἳ
723 545 767 572 τε
802 532 876 586 τῆς
913 530 1126 583 πατρίδος
1166 529 1313 585 ἄρχειν
1352 527 1466 581 ἄξιοι
1495 524 1856 598 προαχθήσεσθαι

372 589 428 634 25
458 587 639 642 ἔμελλον
663 586 737 629 καὶ
767 587 810 628 οἱ
838 560 1226 655 προβουλεύεσθαι
1254 585 1491 639 δυνάμενοι
1529 584 1626 637 περὶ
1662 586 1738 650 τῆς
1765 596 1856 623 κοι-

453 647 535 699 νῆς
571 643 798 698 σωτηρίας
836 642 910 685 καὶ
947 641 1124 693 τούτοις
1163 642 1403 711 ἐπέτρεψαν
1440 640 1494 685 τά
1533 638 1643 684 κατὰ
1672 636 1752 682 τὸν
1778 634 1857 679 πό-

394 716 399 720 “
455 704 591 755 λεμον
634 701 850 756 διοικεῖν.
897 695 1226 769 αὐτοκράτορας
1275 697 1549 769 ποιήσαντες
1580 694 1684 746 τοὺς
1733 693 1857 762 6vv2²=3

457 758 605 810 δρους.
648 757 772 799 οὑτοι
811 751 856 797 δ’
899 754 1225 824 ἐνομοθέτησαν
1272 754 1354 798 δύο
1405 771 1483 824 μεν
1521 751 1718 802 ὑπάτους
1755 765 1837 793 κατ
1842 746 1924 796 ’539

457 811 663 855 ἐνιαυτὸν
694 813 936 864 αἱρεῖσθαι,
970 810 1138 854 δώδεκα
1162 811 1208 854 δὲ
1239 809 1524 866 στρατηγούς.
1554 810 1627 853 καὶ
1656 804 1858 853 κατεστά-

373 873 428 914 30
459 874 614 937 θησαν
632 867 811 910 ὕπατοι
816 866 904 922 μὲν
934 866 1124 918 Κόϊντος
1158 870 1435 938 Πομπαίδιος
1464 869 1637 917 Σίλων,
1665 861 1859 915 Μάρσος

458 941 540 982 μεν
569 922 618 967 τὸ
648 922 800 980 γένος,
832 922 1072 977 πρωτεύων
1102 925 1149 967 δὲ
1181 929 1271 967 τῶν
1296 925 1557 995 ὁμοεθνων,
1597 922 1672 965 καὶ
1709 918 1858 963 δεύτε-

460 998 538 1036 ρος
567 980 615 1023 ἐκ
653 984 733 1022 τοῦ
772 983 1008 1023 Σαυνιτῶν
1046 980 1202 1035 γένους
1241 979 1377 1031 Γάϊος
1400 978 1608 1030 Ἀπώνιος
1637 976 1858 1045 Μότυλος;

460 1039 535 1081 καὶ
568 1034 700 1086 αὐτὸς
731 1034 834 1092 δόξη
863 1037 936 1079 καὶ
966 1038 1144 1092 πράξεσι
1173 1042 1255 1080 τοῦ
1286 1037 1444 1088 ε’θνους
1469 1035 1678 1105 προέχων.
1708 1033 1788 1089 τὴν
1811 1029 1857 1075 δ’

376 1096 432 1139 35
463 1093 573 1157 ὅλην
599 1092 784 1136 Ἰταλίαν
812 1093 872 1143 εἰς
904 1092 985 1136 δύο
1019 1094 1127 1149 μέρη
1159 1093 1373 1145 διελόντες
1401 1093 1616 1142 ὑπατικὰς
1652 1090 1860 1144 ἐπαρχίας

456 1166 621 1200 ταυτας
658 1150 733 1193 καὶ
773 1150 975 1219 μερίδας
990 1148 1231 1202 ἀπέδειξαν.
1274 1151 1348 1193 καὶ
1385 1154 1445 1209 τῷ
1486 1150 1564 1206 μὲν
1594 1147 1860 1214 Πομπαιδίῳ

458 1206 742 1277 προςώρισαυ
770 1205 920 1261 χώραν
950 1204 1034 1249 άπὸ
1067 1212 1155 1250 τῶν
1185 1196 1432 1262 Κερκώλων
1466 1206 1749 1257 καλουμένων
1781 1201 1860 1258 με’-
1943 1235 1957 1252 ,,

460 1281 532 1333 χρι
558 1268 635 1319 τῆς
663 1261 934 1332 Ἀδριατικης
970 1263 1218 1319 θαλάσσης,
1257 1263 1310 1306 τά
1341 1264 1451 1333 πρὸς
1481 1262 1647 1318 δυσμὰς
1677 1260 1751 1304 καὶ
1778 1259 1860 1312 τὴν

462 1321 626 1389 ἄρκτον
655 1319 840 1362 νεύοντα
870 1321 1000 1390 μέρη,
1042 1321 1117 1364 καὶ
1146 1320 1415 1376 στρατηγοὺς
1455 1320 1607 1371 ἔταξαν
1643 1316 1763 1372 αὐτῷ
1790 1315 1857 1366 ε’ξ·

377 1380 433 1424 40
463 1377 512 1420 τό
547 1379 593 1420 δὲ
622 1375 777 1419 λοιπὸν
805 1381 880 1431 τῆς
905 1375 1110 1428 Ἰταλίας,
1152 1377 1233 1433 τὴν
1261 1377 1371 1431 πρὸς
1401 1394 1455 1420 εω
1485 1377 1559 1420 καὶ
1587 1362 1860 1444 μεσημβρίαν

461 1433 697 1484 νεύουσαν,
727 1432 1006 1503 προςώρισαν
1027 1437 1148 1504 Γαΐῳ
1170 1434 1376 1492 Μοτύλω,
1406 1431 1674 1505 στρατηγούς
1694 1430 1860 1485 ὁμοίως

462 1491 743 1543 συζεύξαντες
787 1489 840 1540 ἕξ.
885 1489 1001 1533 οὕτω
1039 1490 1183 1534 πάντα
1223 1481 1372 1543 δεξιός
1408 1492 1481 1533 καὶ
1515 1487 1626 1533 κατὰ
1665 1488 1861 1554 μίμησιν,

461 1547 510 1590 τὸ
554 1546 745 1590 σύιολον
783 1544 946 1601 φάναι,
987 1550 1063 1602 τῆς
1101 1546 1340 1603 Ρωμαϊκῆς
1381 1549 1455 1591 καὶ
1492 1545 1539 1589 ἐκ
1568 1547 1760 1588 παλαιοῦ
1789 1540 1862 1584 τά-

462 1606 565 1656 ξεως
593 1603 673 1658 τήν
701 1600 869 1645 έαυτων
898 1602 1034 1660 άρχην
1074 1604 1349 1658 διαθέμενοι,
1391 1604 1501 1647 κατὰ
1531 1602 1581 1645 τὸ
1613 1598 1861 1669 σφοδρότε-

379 1666 433 1709 45
466 1677 547 1714 ρον
589 1657 747 1702 λοιπὸν
785 1660 954 1714 εἴχοντο
993 1660 1069 1702 καὶ
1112 1665 1194 1703 τοῦ
1226 1661 1377 1716 ἐφεξῆς
1405 1659 1625 1715 πολέμου,
1661 1672 1742 1727 την
1771 1672 1861 1700 κοι-

455 1733 545 1788 νην
591 1718 722 1759 πόλιν
767 1713 952 1758 Ἰταλίαν
1001 1715 1365 1772 ἐπονομάσαντες.
1421 1716 1495 1760 καὶ
1546 1713 1861 1769 διεπολέμησαν

455 1772 697 1827 Ῥωμαίοις
710 1770 761 1815 τά
785 1777 963 1815 πλεῖστα
991 1773 1102 1816 κατὰ
1122 1773 1170 1817 τὸ
1193 1772 1562 1846 έπικρατέστερον,
1593 1771 1673 1822 ε’ως
1696 1774 1860 1820 Γναῖος

462 1828 699 1884 Πομπήιος
738 1827 906 1880 ὕπατος
941 1830 1132 1898 αἱρεθεὶς
1170 1831 1243 1874 καὶ
1274 1829 1511 1899 στρατηγὸς
1540 1832 1622 1872 τοῦ
1649 1826 1859 1881 πολέμου,

461 1887 536 1930 καὶ
573 1885 749 1935 Σύλλας
789 1887 1026 1955 στρατηγὸς
1072 1884 1158 1930 ύπὸ
1200 1891 1263 1945 τῷ
1298 1887 1429 1955 ἑτέρῳ
1475 1885 1627 1940 ὑπάτῳ
1667 1883 1858 1933 Κάτωνι,

381 1951 436 1994 50
465 1941 828 2010 ἐπιφανεστάταις
864 1942 1022 1997 μάχαις
1069 1960 1174 1994 τους
1207 1933 1448 1994 Ἰταλιώτας
1487 1941 1581 2013 οὐχ
1601 1930 1714 1993 ἅπαξ
1752 1937 1861 1983 άλλόι

464 2000 539 2044 καὶ
576 1997 785 2050 πολλάκις
828 2000 1108 2053 νικήσαντες,
1155 1998 1209 2042 τά
1258 2000 1507 2070 πράγματα
1527 1997 1674 2043 αὐτων
1711 1998 1771 2047 εἰς
1808 1994 1860 2038 τὸ

466 2058 778 2127 συντρίβεσθαι
813 2055 1111 2111 περιέστησαν.
1153 2056 1435 2128 ἐπολέμησαν
1463 2053 1507 2099 δ’
1550 2051 1634 2100 οὖν
1671 2054 1745 2098 καὶ
1775 2053 1860 2096 ἔτι·

466 2112 574 2157 άλλα
617 2116 659 2155 Γ
657 2114 759 2154 αιου
795 2115 1047 2156 Κοσκονίου
1078 2113 1303 2164 σταλέντος
1341 2115 1400 2164 εἰς
1425 2111 1652 2182 Ἰαπυγίαν
1678 2123 1862 2165 στρατη-

380 2175 434 2218 55
465 2174 548 2225 γοῦ
577 2167 784 2220 πολλάκις
820 2167 1085 2224 ἡττήθησαν.
1126 2186 1217 2213 ειτα
1247 2169 1557 2220 ἐλαττωθέντες
1585 2168 1658 2213 καὶ
1686 2167 1734 2211 ἐκ
1761 2170 1862 2209 πολ-

463 2230 554 2270 λῶν
601 2224 743 2280 ὀλίγοι
788 2225 1150 2294 καταλειφθέντες
1198 2244 1325 2284 κοινη
1378 2227 1531 2296 γνώμῃ
1580 2240 1662 2294 την
1701 2222 1862 2278 κοινὴν

464 2283 710 2326 ἐκλείπουσι
745 2280 897 2335 πόλιν,
941 2283 992 2325 τὸ
1021 2284 1293 2339 Κορφίνιον,
1331 2283 1404 2327 διά
1433 2282 1482 2326 τὸ
1512 2298 1617 2332 τους
1646 2280 1862 2334 Μάρσους
1914 2329 1921 2333 „

463 2339 537 2383 καὶ
577 2338 722 2382 πάντα
760 2336 812 2381 τά
852 2342 1108 2394 γειτνιῶντα
1147 2357 1237 2383 των
1272 2340 1420 2384 ἐθνῶν
1458 2336 1862 2394 προςκεχωρηκέναι

464 2474 521 2509 20.
547 2470 637 2509 ἄλλα
660 2472 721 2517 τά]
746 2471 836 2509 ἄλλα
859 2474 969 2510 Amst.
1085 2474 1141 2509 23.
1168 2472 1300 2519 κοινὴν
1326 2475 1525 2516 Bekkerus,
1550 2474 1614 2509 καὶ
1638 2471 1712 2518 μήν
1735 2474 1861 2518 Amst·,

463 2519 597 2563 καινήν
621 2520 747 2554 caeteri
908 2520 966 2554 25.
991 2520 1326 2567 προβουλεύεσθαι]
1352 2520 1701 2568 παραβουλεύεσθαι
1722 2521 1755 2555 Β

464 2567 521 2600 26.
546 2566 766 2610 ἐπέτρεψαν]
791 2563 1056 2610 ἐπιτρέψαντες
1078 2570 1108 2602 Α

556 2623 636 2660 539.
660 2624 716 2658 46.
742 2621 1042 2678 ἐπονομάσαντες
1062 2626 1112 2666 Α,
1136 2625 1265 2659 caeteri
1287 2623 1539 2667 ὀνομάσαντες
1675 2624 1731 2662 48.
1759 2622 1859 2659 Σύλ-

463 2670 540 2714 λας]
570 2667 693 2709 Σύλας
716 2670 746 2704 Α
884 2670 940 2706 50.
963 2668 1099 2714 μάχαις
1118 2672 1167 2712 A,
1192 2671 1321 2706 caeteri
1345 2676 1425 2712 ταῖς
1447 2671 1582 2716 μάχαις
1713 2670 1770 2706 53.
1796 2669 1860 2705 καὶ
1938 2674 1946 2723 J]

458 2715 525 2760 ἔτι]
569 2714 640 2752 ov'n
674 2715 726 2751 ἔτι
758 2715 790 2750 Α
955 2717 1091 2760 Γαΐου]
1139 2721 1254 2757 Γαῖος
1286 2719 1399 2753 Amst.
1566 2719 1778 2754 Κοσκονίον
1813 2717 1857 2757 Α,

457 2763 586 2797 caeteri
611 2763 817 2798 Κοσκινίον
979 2762 1035 2796 55.
1070 2763 1132 2798 καὶ
1155 2765 1185 2800 Α
1207 2766 1339 2805 Amst.‚
1363 2763 1491 2801 caeteri
1515 2764 1552 2801 εἰ
1575 2763 1639 2801 καὶ
1798 2762 1857 2798 56.

456 2806 587 2855 κοινήν
610 2809 640 2844 Α
662 2809 796 2854 Amst„
822 2807 954 2845 caeteri
978 2808 1113 2858 καινήν
