1968 3346
432 200 864 247 FRAGMENTA
900 202 948 242 L.
980 200 1252 243 xyst—XL.
1453 205 1538 244 201

764 311 921 356 XLIV.

262 405 352 450 Καὶ
381 403 405 450 ὅ
435 404 514 462 μὲν
534 401 800 458 Σικελιώτης
817 401 1047 474 Διόδωρος
1074 400 1154 445 τόν
1177 402 1351 445 Ζωίλου
1378 405 1541 447 τοῦτον

150 463 638 533 (Homeromastigem)
670 459 803 504 οὐδὲν
831 459 981 512 ἕτερον
1011 458 1072 500 ε’τι
1101 459 1368 516 γεγραφέναι
1399 461 1538 516 φησὶν

149 520 180 578 ἢ
207 520 286 577 τὴν
314 517 422 563 καθ’
452 516 648 573 Ὁμήρου
677 516 733 573 ἢν
764 518 940 571 εἴπομεν
972 514 1191 567 σύνταξιν.

264 577 444 619 Tzetzes
471 575 606 616 schol.
642 574 694 616 ad
717 574 930 627 Exegesin
964 572 1106 613 Iliadis
1130 577 1289 629 ρ.126.
1314 574 1353 616 4.
1414 574 1540 615 Prae-

152 634 261 676 sidio
299 633 433 690 igitur
466 632 690 673 Diodorus
725 630 1029 685 quadantenus
1070 636 1134 670 est
1170 629 1403 680 Vitruvio,
1462 632 1538 685 qui

150 689 299 732 Praes-
339 689 386 732 L.
417 687 510 730 VII.
543 692 583 732 8.
624 692 662 730 9.
718 685 990 749 philadelphi
1030 684 1268 726 Ptolemaei
1310 687 1541 742 aequalem

151 746 331 789 Zoilum
363 743 467 787 fecit
506 750 822 802 propugnante
857 742 1086 816 ΡοΓίΖοηίο
1126 742 1180 783 ad
1207 740 1372 784 Aeliani
1402 744 1454 783 V.
1487 744 1542 785 H.

151 803 330 850 XJ..10

776 899 915 944 XLV.

253 976 341 1026 ‘aas
377 978 440 1033 εἷς
480 980 557 1025 καὶ
594 978 855 1034 ἱῑᾶελέαγρος
902 975 1109 1049 ἀδελφὰς
1136 979 1420 1033 Πτολεμαίου
1463 982 1543 1022 τοῦ

149 1037 327 1109 Λάγου,
365 1038 476 1091 πρὸς
514 1038 661 1109 ὀλίγας
688 1035 856 1092 ἡμέρας
892 1033 1191 1087 δυναστεύσας
1217 1036 1309 1078 καὶ·
1321 1034 1542 1078 ἐκπεσών·
1600 1042 1627 1085 5

152 1094 358 1146 ὦςαύτως
386 1094 434 1138 δὲ
463 1094 536 1137 καὶ
562 1093 843 1146 Ἀντίπατρος
861 1089 1027 1147 ἡμέρας
1046 1091 1374 1162 τεσσαρακοντα
1396 1092 1542 1136 πέντε·

150 1150 256 1208 μεθ’
286 1150 366 1202 οὓς
394 1150 660 1222 Σωσθένης,
701 1150 763 1194 ε’τι
794 1148 840 1192 δε
872 1152 1168 1219 Πτολεμαῖος,
1212 1148 1349 1221 πρὸς
1365 1149 1412 1193 δὲ
1449 1148 1547 1193 τού-

151 1225 244 1259 τοις
265 1205 551 1280 Ἀλέξανδρος
588 1207 662 1251 καὶ
691 1205 873 1262 Πύῤῥος
910 1202 935 1250 ὁ
973 1203 1265 1263 Ἠπειρώτης·
1305 1206 1349 1249 οἱ
1387 1220 1548 1259 ’παντες

152 1265 225 1320 ε’τη
254 1266 354 1315 τρία
382 1264 494 1308 κατὰ
523 1265 774 1317 Διόδωρον.

266 1321 497 1380 syncellus
527 1321 777 1378 Chlmonogr
807 1335 856 1377 p.
881 1323 978 1365 266.

763 1420 922 1464 XLVI.
1399 1422 1402 1426 '
1503 1426 1506 1427 ’

271 1499 445 1548 Τούτου
465 1501 717 1560 (Philippi)
740 1500 975 1556 ἐπίτροπος
991 1497 1244 1556 Ἀντίγονος
1261 1499 1550 1552 κατασταθεὶς
1579 1437 1634 1479 10

761 1613 882 1649 XLVI.
904 1613 942 1649 1).

245 1682 515 1720 Καππαδόκων
539 1683 701 1739 βασιλεῖς
723 1680 834 1726 ema,
862 1678 1026 1738 εχρόνους
1060 1680 1113 1726 ρξ’
1137 1681 1419 1726 διαρκέσαντες,
1452 1680 1548 1718 κατὰ
1577 1681 1635 1721 20

154 1729 314 1771 τούτους
335 1726 495 1775 ἤρξαντο
518 1742 609 1770 τους
632 1728 815 1774 χρόνους,
842 1741 893 1770 ως
915 1727 1113 1774 Διόδωρος
1135 1727 1282 1774 γράφει-

248 1777 436 1822 Synceuus
455 1787 490 1822 Ρ.
511 1775 595 1812 275.

758 1843 879 1878 XLVI.
903 1855 935 1879 o.

88 1913 157 1952 542
248 1899 471 1946 Ἀσδρούβας
502 1898 675 1959 βασιλεῦς
708 1902 884 1936 Σικελίαν
903 1898 1227 1958 καταλαβόμενος
1266 1899 1434 1956 πόλεμον
1456 1897 1549 1936 Ῥω-
1579 1888 1636 1933 25

155 1949 286 1993 μαίοις
308 1947 524 1993 κατήγγειλε.
561 1947 748 1988 Μέτελλος
772 1946 812 1983 δε
836 1944 912 1983 vad
937 1948 1003 1992 τῆς
1027 1946 1236 2005 συγκλήτου
1254 1944 1456 1992 στρατηγὸς
1478 1960 1552 2004 χει-

154 1995 382 2050 ροτονηθεὶς
400 1993 576 2052 ἐγκρατὴς
599 1992 739 2051 ἐγένετο
765 1996 830 2038 τῆς
847 1996 952 2039 νίκης
970 1992 1128 2039 ταύτης,
1153 1993 1193 2029 ἐν
1210 1989 1246 2051 ᾖ
1254 1993 1412 2034 Λεύκιος
1429 1992 1552 2029 Γλαύ

155 2055 232 2076 κων
257 2040 296 2077 εὗ
300 2038 407 2085 γενής
439 2037 536 2086 ἀνὴρ
569 2041 638 2084 τήν
661 2037 868 2086 Ἀσδρουβα
901 2041 1064 2097 κατέχων
1098 2042 1194 2075 ναῦν
1221 2038 1440 2096 ἀμφοτέρας
1463 2039 1552 2075 οἷπὲ-
1581 2033 1638 2074 30

155 2090 244 2134 βαλε
267 2088 334 2127 τοὶς
355 2090 498 2132 χεῖρας,
533 2085 711 2145 καθάπερ
740 2088 883 2144 ἱστορεῖ
901 2085 1121 2131 Αριστείδης
1144 2085 1329 2131 Μιλήσιος
1358 2085 1398 2122 ἐν
1421 2086 1553 2133 πρώτῃ

159 2135 380 2170 Σικελικῶν·
405 2133 502 2179 παρ’
525 2147 572 2171 ου
596 2131 664 2181 τὴν
687 2130 876 2171 υπόθεσιν
900 2132 1019 2179 ε’μαθε
1044 2133 1246 2176 Διονύσιος
1269 2135 1314 2180 (Ι
1339 2131 1556 2180 Διόδωρος)

157 2194 178 2217 ο
208 2178 446 2224 Σικελιώτης.

248 2226 596 2272 Pseudoplutarchus
617 2226 737 2262 Pax-al.
760 2225 849 2260 Min.
873 2237 903 2262 c.
922 2225 957 2261 1.
981 2237 1015 2271 Ρ
1033 2223 1118 2262 305.
1170 2257 1174 2260 .

758 2307 879 2343 XLVI.
903 2306 937 2343 d.

301 2362 355 2398 To
379 2361 566 2406 πρότερον
588 2362 630 2399 τό
657 2361 762 2408 γένος
785 2376 854 2407 μεν
875 2359 1070 2420 Ρωμαίων
1095 2364 1171 2399 τῶν
1195 2363 1369 2401 Λατίνων
1582 2359 1641 2403 85

296 2405 388 2467 οὐχὶ
406 2411 567 2466 συνῆπτε
588 2408 752 2452 πόλεμον
777 2409 977 2454 ακηρυκτεὶ
999 2407 1093 2454 πρὸς
1117 2409 1252 2453 ε’,θνος

296 2454 391 2490 ἄλλα
415 2457 461 2501 τῇ
483 2468 587 2501 χωρᾳ
610 2457 795 2499 πρότερον
819 2456 958 2498 ἔθνους
980 2459 1050 2492 τοῦ
1075 2458 1256 2500 πολεμίου

298 2500 391 2546 δόρυ
418 2505 571 2543 σημεῖον
593 2501 787 2557 ε’ῤῥιπτεν,
811 2502 948 2546 ἔχθρας
974 2499 1092 2558 αρχήν
1116 2506 1314 2547 σημαῖνον.
1584 2488 1642 2533 40

295 2547 421 2583 ἔπειτα
445 2546 485 2583 δε
509 2547 709 2593 κατήρχετο
734 2548 897 2594 ωλέμου
922 2546 1017 2594 πρός
1039 2549 1082 2586 vd
1107 2548 1239 2592 ε’θνος·

297 2592 410 2629 τοῦτό
436 2605 530 2637 φησι
555 2595 762 2638 Διόδωρος.

254 2639 402 2674 Tzetzes
426 2641 520 2674 chii.
545 2642 587 2676 V.
609 2642 691 2677 hist.
712 2641 768 2676 15.

255 2699 383 2732 Trium
397 2698 525 2732 horum
542 2699 834 2743 fragmentorum,
862 2709 954 2742 quae
978 2699 1046 2732 hoc
1063 2698 1141 2732 loco
1159 2697 1275 2741 posuit
1293 2693 1561 2740 Wcsselingius,

165 2743 316 2788 primum
350 2755 393 2778 ex
422 2745 514 2778 libro
539 2745 668 2779 xxxl.
700 2745 815 2788 potius
845 2748 1024 2788 sumptum
1057 2756 1121 2778 nec
1151 2755 1302 2777 vacuum
1335 2752 1454 2776 errore
1486 2751 1562 2774 esse

165 2791 266 2825 docet
290 2803 325 2835 p.
345 2790 449 2831 5123
481 2790 630 2825 alterum
656 2790 828 2835 Xylandri
846 2791 1065 2833 coniectura,
1090 2801 1180 2833 quae
1200 2788 1429 2823 insanabilem
1450 2789 1563 2827 sanat,

167 2836 320 2872 Diodoro
337 2835 547 2879 ascribitun
586 2837 728 2872 tertium
748 2848 817 2882 qua
842 2837 877 2871 in
895 2836 1040 2883 regione
1061 2836 1259 2881 ponendum
1283 2835 1328 2870 sit
1351 2846 1419 2869 non
1442 2833 1562 2877 liquet.
