1968 3346
299 170 702 217 EXGERPTADE
733 168 988 211 V1R'1‘.ET
1018 169 1129 211 VIT.
1159 171 1207 211 L.
1231 169 1423 213 xxxvl.
1478 173 1558 215 151

157 281 353 341 Ῥώμην
366 287 447 327 τοῦ
484 283 609 326 σίτου
646 282 953 351 παρακομιδὴν
982 282 1156 338 ἐτάχθη.
1198 283 1270 327 διὰ
1300 281 1346 326 δὲ
1375 281 1454 338 τὴν
1485 283 1559 340 ῥᾳ-

160 342 331 396 θυμίαν
359 341 432 384 καὶ
472 339 725 408 φαυλότητα
755 342 832 394 τῆς
867 338 1042 394 ἀγωγῆς
1079 340 1209 391 δόξας
1247 343 1394 389 κακῶς
1423 354 1555 392 προε-

160 397 318 452 στάναι
353 401 428 466 τῆς
456 395 774 465 προειρημένης
804 395 1069 450 ἐπιιιελείας,
1110 397 1392 452 ἐπιτιμήσεως
1431 396 1552 450 έτυχε

158 453 479 523 προςηκούσης.
513 451 542 508 ἡ
583 453 629 497 δὲ
663 450 902 523 σύγκλητος
930 454 1202 522 παρελομένη
1231 454 1310 508 τὴν
1347 453 1551 502 ἐξουσίαν
1580 460 1635 500 60

89 511 412 581 609παρέδωκεν
449 509 598 559 άλλοις
613 507 714 576 τήν
744 508 1000 552 ἐπιστασίαν
1029 509 1206 564 ταύτην
1248 509 1553 577 διορθωσάμε-

158 584 237 619 νος
265 567 311 611 δὲ
341 566 421 637 τήν
447 564 819 620 προϋπάρχουσαν
850 562 1116 615 ἀκολασίαν,
1153 566 1226 609 καὶ
1263 570 1344 609 τοῦ
1376 564 1551 621 σώφρο-

156 641 235 675 νος
265 623 546 693 ἀντεχόμενος
582 623 707 678 βίου,
749 623 992 678 δημαρχίας
1032 621 1121 666 ὑπὸ
1161 625 1241 665 τοῦ
1283 621 1428 679 δήμου
1467 639 1550 666 κα-

154 698 179 725 τ
211 680 318 733 ξιωθ

181 698 207 737 η
256 697 360 780 “06711
383 736 483 805 περὶ.
510 737 587 806 τῆς
614 738 696 779 τοῦ
725 732 951 778 Μετέλλου
982 738 1126 805 φυγῆς
1154 734 1221 778 ἐπ’
1254 735 1326 806 ἔτη
1355 735 1447 779 δύω
1478 753 1548 792 γι-

152 793 352 849 νομένων
381 791 529 865 λόγων
558 792 606 836 ἐν
633 796 728 842 ταῖς
758 791 1028 863 ἐκκλησίαις,
1059 790 1083 862 6
1113 792 1210 843 υἷός
1236 791 1374 836 αὐτοῦ
1403 793 1547 848 κόμην
1575 803 1631 846 65

149 850 419 920 υποτρέφων
455 850 530 893 καὶ
562 848 758 920 ,πώγωνα
793 849 868 892 καὶ
901 848 1098 903 πιναράν
1136 849 1246 904 ἔχων
1283 848 1447 905 ἐσθῆτα
1475 867 1545 892 πε-

150 906 266 965 ριήει
294 905 405 951 κατά
434 923 516 962 την
545 904 734 961 ἀγοράν,
766 903 973 976 δεόμενος
992 922 1081 949 των
1102 910 1319 977 πολιτῶνζ
1346 923 1420 949 και
1439 906 1543 976 μετά

150 963 359 1020 δακρύων
385 965 677 1033 προςπίπτων
714 967 806 1014 τοῖς
843 961 1030 1006 ἑκάστου
1067 961 1252 1018 γόνασιν
1291 961 1434 1034 ητεῖτο
1464 980 1545 1019 την

147 1024 232 1064 τοῦ
260 1019 427 1090 πατρὸς
456 1019 666 1064 κάθοδον.
701 1017 724 1062 ὁ
755 1019 835 1074 μὲν
863 1021 948 1063 οὐν
977 1021 1138 1075 δῆμος,
1170 1021 1324 1072 καίπερ
1356 1019 1410 1063 οὐ
1442 1023 1543 1076 βου
1572 1031 1628 1069 70

146 1076 341 1147 λόμενος
363 1075 573 1148 ἀφορμην
595 1075 770 1121 διδόναι
785 1080 878 1127 τοῖς
899 1076 1068 1147 φυγάσι
1097 1093 1171 1131 της
1197 1076 1399 1120 καθόδου
1423 1077 1544 1132 παρά

146 1133 252 1185 τούς
278 1133 487 1204 νόμους,
526 1133 647 1189 ὅμως
689 1131 762 1177 διά
798 1131 877 1177 τὸν
915 1133 1037 1177 ἔλεον
1073 1137 1155 1176 τοῦ
1196 1135 1429 1176 νεανίσκου
1469 1135 1543 1176 καὶ

145 1206 227 1246 την
263 1188 375 1262 ὑπὲρ
405 1194 487 1234 τοῦ
515 1192 680 1245 γονέως
709 1188 912 1259 σπουδην
941 1188 1157 1246 κατήγαγε
1196 1190 1272 1234 τὸν
1303 1190 1540 1242 Μέτελλον,

143 1247 220 1291 καὶ
248 1246 327 1292 τὸν
355 1246 459 1293 υἱὸν
488 1246 630 1291 αὐτοῦ
660 1246 732 1290 διά
762 1245 845 1303 τήν
874 1247 973 1301 περὶ
1011 1247 1090 1290 τὸν
1124 1247 1397 1304 γεννήσαντα
1426 1263 1540 1303 γεγε-

143 1303 339 1375 νημένην
366 1306 621 1375 φιλοτιμίαν
652 1303 810 1376 εὐσεβη
838 1302 1205 1373 προςηγόρευσεν.
1568 1311 1623 1354 75

242 1358 348 1406 Ὀτι
374 1360 423 1406 τὸ
454 1360 645 1405 παλαιὸν
679 1377 722 1403 οι
753 1360 958 1431 Ῥωμαῖοι
977 1360 1142 1432 νόμοις
1171 1377 1214 1404 τε
1245 1360 1318 1403 καὶ
1349 1359 1538 1416 ἀγωγαῖς

141 1415 338 1489 ἀρίστοις
364 1417 583 1490 χρώμενοι
610 1415 710 1461 κατ’
743 1416 895 1473 ὀλίγον
932 1415 1188 1490 ηυξήθησαν
1225 1418 1293 1461 ἐπὶ
1324 1422 1538 1462 τοσοῦτον

142 1474 248 1526 ω’ςτε
276 1473 517 1546 ηγεμονίαν
547 1474 895 1545 ἐπιφανεστάτην
923 1475 996 1518 καὶ
1025 1492 1075 1530 με
1059 1477 1229 1531 -γίστην
1258 1491 1348 1518 των
1371 1491 1534 1531 μνημο-

140 1533 392 1588 νευομένων
420 1532 788 1601 κατακτησασθαι.
825 1531 873 1575 ἐν
904 1532 951 1574 δὲ
972 1537 1064 1582 τοῖς
1092 1532 1320 1585 νεωτέροις
1348 1536 1534 1586 καιροῖς,
1567 1540 1621 1580 80

138 1589 620 1659 καταπεπολεμημένων
648 1588 698 1643 μὲ
701 1605 728 1630 ν
759 1603 849 1633 των
876 1589 1090 1631 πλείστων
1118 1588 1283 1640 ἐθνων,
1319 1593 1536 1657 πολυχρο-

140 1646 243 1689 νίου
273 1646 320 1689 δὲ
350 1645 524 1715 εἰρήνης
560 1645 823 1716 γενοιιένης,
862 1644 1090 1700 μετέπεσεν
1128 1645 1175 1687 ἐν
1215 1662 1267 1701 τῃ
1304 1643 1446 1702 Ῥωμῃ
1484 1645 1534 1689 τό

139 1705 218 1756 τῆς
246 1700 430 1773 ἀρχαίας
458 1701 630 1771 ἀγωγῆς
660 1703 718 1752 είς
749 1701 953 1771 ὀλέθριον
992 1705 1128 1772 ζηλον.
1170 1701 1418 1756 ἐτράπησαν
1450 1702 1533 1773 γάρ

140 1760 185 1801 οἱ
211 1758 307 1802 νέοι
335 1759 443 1814 μετὰ
465 1775 547 1814 την
577 1759 623 1802 ἐκ
651 1774 740 1801 των
766 1757 972 1827 πολέμων
1002 1757 1152 1801 άνεσιν
1177 1774 1238 1809 εις
1257 1757 1430 1814 τρυφὴν
1459 1760 1535 1802 καὶ

138 1812 405 1869 ἀκολασίαν,
435 1816 625 1885 χορηγὸν
643 1814 808 1884 ἔχοντες
837 1814 916 1857 τὸν
935 1818 1131 1858 πλοῦτον
1152 1820 1245 1866 ταῖς
1267 1816 1532 1884 ἐπιθυμίαις.
1563 1825 1618 1867 85

136 1873 421 1943 προεκρίνετο
461 1871 546 1928 γάρ
588 1869 697 1916 κατά
740 1888 821 1929 την
859 1870 990 1915 πόλιν
1028 1888 1118 1942 της
1141 1872 1221 1926 μὲν
1259 1870 1479 1928 λιτότητος
1508 1873 1536 1927 ἡ

134 1929 420 1982 πολυτέλεια,
466 1945 544 1999 της
582 1928 629 1972 δὲ
672 1931 760 1972 τῶν
799 1931 1049 1984 πολεμικῶν
1095 1928 1235 1984 ἔργων
1285 1929 1463 2000 μελέτης
1502 1930 1530 1986 ἡ

137 1985 362 2056 ῥᾳστωνη·
386 1985 602 2056 μακάριος
633 1985 669 2029 δ’
698 1983 935 2056 ὑπείληπτο
964 1990 1057 2037 τοῖς
1085 1989 1266 2036 πολλοῖς
1287 1983 1371 2042 οὐχ
1390 1993 1413 2030 6
1438 1992 1533 2038 ταῖς

134 2042 321 2113 ἀρεταῖς
336 2042 680 2115 κεκοσμημένος,
722 2041 823 2087 ἀλλ’
855 2041 878 2086 6
917 2046 1012 2093 ταῖς
1039 2043 1402 2112 προςηνεστάταις
1430 2043 1531 2100 ηδο-

132 2104 232 2152 ναῖς
259 2098 522 2144 πάντακτὸν
553 2102 636 2143 τοῦ
673 2102 749 2153 ζῆν
788 2100 951 2156 χρόνον
991 2099 1294 2144 ἐπαπολαύων.
1344 2100 1415 2144 διὸ
1456 2101 1529 2144 καὶ
1560 2113 1614 2153 90

132 2157 325 2201 δείπνων
361 2156 694 2202 πολυδαπάνων
731 2157 999 2228 παραθέσεις
1036 2157 1312 2200 ἐπεπόλασαν
1347 2158 1422 2201 καὶ
1452 2156 1531 2213 μύ-

132 2229 225 2270 ρων
253 2214 602 2284 θαυμαζομένων
641 2212 822 2258 εὐωδίαι
859 2230 934 2258 και
971 2218 1197 2270 στρωμνῆς
1228 2212 1416 2285 ἀνθινης
1453 2232 1530 2258 και

131 2270 491 2341 μεγαλοπλούτου
519 2271 794 2326 παρασκευαὶ
821 2271 1054 2326 τρικλίνων
1082 2272 1155 2314 καὶ
1186 2271 1422 2325 ἐλέφαντος
1452 2272 1529 2315 καὶ

133 2326 336 2382 ἀργύρου
365 2328 440 2372 καὶ
468 2345 559 2371 των
598 2327 743 2372 άλλων
772 2344 861 2372 των
890 2328 1265 2372 πολυτελεστάτων
1294 2326 1418 2372 υλῶν
1446 2344 1526 2372 πε-
1557 2339 1612 2381 95

135 2400 289 2439 ριττως
307 2385 745 2455 δεδημιουργημένων
762 2388 1041 2428 κατασκευαί.
1071 2389 1161 2429 τῶν
1182 2385 1228 2428 δὲ
1248 2387 1383 2428 οἴνων
1405 2385 1427 2429 ὁ
1447 2402 1527 2455 μεν

133 2443 316 2498 μετρίως
345 2441 533 2496 τέρπων
543 2442 624 2498 τὴν
654 2446 807 2498 γεῦσιν
835 2439 1142 2496 ἀπεδοκιμάζει
1130 2459 1193 2493 ’,ο
1228 2443 1451 2496 Φαλέρνος
1482 2442 1526 2485 ὁὲ

132 2499 206 2541 καὶ
245 2501 354 2549 Χῖος
393 2499 466 2542 καὶ
506 2503 592 2551 πᾶς
628 2499 652 2542 ὁ
692 2499 866 2550 τούτοις
903 2498 1144 2556 ἐφάμιλλον
1193 2499 1303 2568 ἔχων
1345 2499 1525 2568 ἡδονήν,

132 2556 149 2597 ἰ
175 2553 303 2599 θύων
325 2570 370 2599 τε
398 2556 472 2600 καὶ
499 2559 589 2600 τῶν
621 2555 764 2599 ἀλλων
792 2560 992 2626 χρηστων
1021 2557 1074 2600 tc}
1103 2555 1388 2610 πρωτεύοντα
1416 2556 1527 2606 πρός

132 2608 378 2656 απόλαυσιν
417 2610 575 2670 ἀνέδην
614 2612 914 2670 ἀνηλίσκοντο.
962 2611 1224 2664 ἀκολούθως
1267 2613 1313 2656 δε
1349 2613 1523 2664 τούτοις
1559 2622 1636 2659 100

223 2748 303 2784 609,
328 2749 384 2786 66.
422 2748 564 2794 ἐσθῆτα
587 2751 616 2781 V
753 2750 811 2786 9¹3.
839 2749 992 2796 ἀνέδην]
1016 2747 1176 2795 οἷναίόην
1202 2751 1229 2782 V
