1968 3346
291 212 595 259 EXCERPTA
622 212 696 256 DE
724 208 876 254 VIRT.
906 211 984 253 ΕΤ
1018 211 1131 253 vlT.
1164 212 1213 253 L.
1234 210 1408 254 XXXV.
1467 214 1551 256 14⁵1

148 330 255 403 δόξῃ
275 329 444 383 πατέρα
463 326 538 372 καὶ
555 325 737 375 πάππον
759 323 881 380 ἔσχεν
909 323 1285 378 ἐπιφανεστάτους
1308 322 1547 392 Ῥωμαίων.

147 387 281 444 ἄμφω
295 385 374 455 μξν
388 384 472 441 γάρ
486 381 790 437 προεκάθισαν
805 383 887 424 τοῦ
901 381 1138 433 συνεδρίου
1157 381 1231 423 καὶ
1246 378 1446 450 21:962}qu-
1438 379 1548 423 ἐπεῖ-

145 460 227 500 χον
253 442 436 512 γνώμην
465 441 589 496 μέχρι
617 443 694 495 τῆς
721 440 944 492 τελευτῆς,
975 435 998 480 ὁ
1029 436 1074 479 δὲ
1105 435 1282 487 πάππος
1305 435 1446 480 αύτοῦ
1469 436 1546 481 καὶ

145 501 256 545 κατά
288 498 430 568 δόγμα
457 501 533 552 τῆς
557 494 805 566 συγκλήτου
833 499 924 538 τῶν
942 494 1157 537 πλείστων
1176 492 1356 547 ἄριστος
1378 494 1541 551 ἐκρίθη.
1573 497 1656 540 100

145 557 194 601 ἐν
223 558 302 613 μὲν
316 556 414 626 γάρ
443 559 534 604 τοῖς
562 557 652 623 τῆς
670 552 892 608 Σιβύλλης
919 555 1129 619 χρησμοῖς
1167 550 1327 618 εὑρέθη
1356 566 1543 618 γεγραμ-

146 614 282 670 μένον
312 612 380 656 ὅτι
410 612 479 654 δεῖ
503 609 609 660 τούς
641 608 883 663 Ῥωμαίους
921 605 1186 661 ἱδρύσασθαι
1226 623 1339 650 νεων
1344 611 1444 674 τῆς
1472 623 1541 664 με-

144 671 279 740 γάλης
309 668 471 724 μητρὸς
499 671 589 710 τῶν
625 671 767 718 θεων,
804 681 878 708 και
906 668 997 707 τῶν
1034 663 1114 718 μὲν
1144 664 1276 717 ἱερῶν
1304 662 1385 720 τήν
1413 681 1543 708 κατα-

145 726 296 794 γωγην
331 725 379 768 ἐκ
415 727 714 774 Πεσινοῦντος
748 726 836 793 τῆς
856 719 998 772 Ἀσίας
1030 718 1329 791 ποιήσατυαι,
1374 719 1457 777 τὴν
1495 721 1542 765 δὲ
1600 723 1628 765 5

145 780 330 851 ἐκδοχὴν
374 780 522 824 αὐτῶν
568 780 617 824 έν
654 782 708 836 τῇ
753 776 899 851 Ῥώμῃ
944 776 1150 847 γενέσθαι
1203 778 1420 846 πανδημεὶ
1469 781 1547 834 τῆς

146 837 430 894 ἀπαντήσεως
458 835 711 906 γινομένης,
750 835 825 879 καὶ
853 838 943 878 τῶν
971 850 1016 878 τε
1046 833 1228 903 άνδρῶν
1250 850 1331 877 τον
1363 832 1547 888 ἄριστον

132 897 220 941 ικαὶ
247 898 475 965 γυναικῶν
504 892 669 964 ὁμοίως
697 890 791 964 τήν
806 890 1003 948 ἀγαθήν,
1044 891 1117 934 καὶ
1147 888 1337 941 τούτους
1366 889 1545 946 άφηγεῖ-

146 959 256 998 σθαι
292 955 368 1008 τῆς
405 948 686 1018 απαντήσεως
722 966 798 993 και
835 949 1045 1000 δέξασθαι
1083 965 1136 990 τα
1173 946 1269 1002 ἴερα
1307 952 1383 1003 τῆς
1419 952 1544 999 θεᾶς.

143 1014 220 1066 τῆς
251 1009 298 1052 δὲ
319 1008 566 1063 συγκλήτου
593 1006 739 1050 πάντα
770 1004 1064 1058 συντελούσης
1094 1022 1204 1047 κατα
1225 1004 1304 1047 τὸν
1332 1004 1542 1061 χρησμόν,
1574 1008 1627 1049 10

143 1067 299 1122 εκρίθη
328 1081 418 1108 των
446 1080 526 1121 μεν
558 1063 735 1118 άνδρων
766 1061 945 1116 ἄριστος
974 1061 1172 1112 Πόπλιος
1195 1065 1420 1130 Νασικᾶς,
1454 1066 1545 1105 τῶν

144 1123 194 1168 δὲ
221 1125 449 1178 γυναικῶν
482 1117 716 1175 Οὐαλερία.
767 1117 824 1163 ού
861 1119 1003 1189 μόνον
1041 1117 1125 1174 γὰρ
1167 1122 1220 1174 τῇ
1261 1117 1371 1169 πρὸς
1407 1120 1546 1170 θεοὺς

120 1178 343 1252 ,εὐσεβείᾳ
383 1177 611 1249 διαφέρειν
650 1177 820 1229 ε’δοξεν,
864 1174 976 1219 άλλά
1012 1176 1086 1219 καὶ
1123 1175 1344 1226 πολιτικὸς
1379 1174 1545 1245 ὑπῆρξε

143 1236 220 1281 καὶ
248 1236 432 1286 συνετὸς
460 1236 508 1278 ἐν
535 1238 598 1293 τῷ
614 1234 724 1304 τήν
736 1232 918 1289 γνώμην
946 1231 1288 1301 ἀποφαίνεσθαι.
1323 1232 1429 1287 μετά
1458 1233 1544 1289 γὰρ

143 1293 224 1337 τὸν
247 1290 528 1361 Ἀννιβιακὸν
565 1280 760 1345 πόλεμον
790 1290 977 1344 [Μάρκος
1008 1305 1092 1361 μεν
1119 1289 1280 1331 Κάτων
1319 1288 1343 1332 ὁ
1373 1288 1544 1346 έπικλη-
1575 1292 1630 1337 16

144 1351 242 1401 θεὶς
261 1348 554 1419 Λημοσθένης
584 1347 731 1391 εἰώθει
752 1347 894 1403 λέγειν
923 1344 1035 1400 παρ’
1068 1345 1252 1389 ἕκαστον
1282 1361 1331 1389 εν
1360 1349 1414 1403 τῇ
1443 1357 1547 1416 συγ-

0 1420 10 1445 v
144 1405 290 1469 κλήτω
316 1404 426 1450 κατὰ
456 1405 538 1477 τὴν
566 1404 795 1460 ἀπόφασιν
823 1409 900 1460 τῆς
927 1405 1041 1453 ἰδίας
1071 1401 1250 1472 γνώμης
1272 1401 1545 1473 Καρχηδόνα

2 1476 11 1503 ἃ
144 1465 205 1521 μὴ
235 1469 360 1507 εἰναι.
399 1462 476 1506 καὶ
521 1466 655 1505 τοῦτο
697 1461 833 1505 ἐποίει
881 1459 1090 1510 πολλάκις
1130 1458 1212 1529 οὐχ
1256 1457 1546 1516 ὑποκειμένης

143 1521 245 1576 περὶ
275 1518 440 1563 τούτου
469 1521 653 1588 βουλῆς,
686 1517 786 1560 ἀλλ’
816 1517 1000 1587 ετέρων
1005 1520 1142 1559 τινών
1169 1514 1236 1559 ἀει
1257 1517 1545 1586 ζητουμένων.
1590 1566 1595 1570 ,

0 1590 40 1624 ³535
148 1578 174 1621 6
215 1578 262 1621 δὲ
300 1578 502 1647 Νασικᾶς
551 1574 598 1618 de
604 1576 618 1618 ὶ
662 1574 929 1617 τούναντίον
975 1571 1240 1643 ᾇπεφαίνετο
1279 1572 1544 1629 Καρχηδόνα
1573 1577 1630 1620 20

0 1649 12 1675 v
147 1633 222 1678 δια
259 1632 424 1683 παντὸς
460 1636 585 1674 εἰναι.
601 1630 799 1703 ἑκατέρα
835 1630 883 1686 μὲ
868 1648 914 1674 εν
944 1632 1027 1674 οὐν
1056 1629 1282 1699 οἷπόφασις
1311 1631 1453 1674 ἐδόκει
1482 1635 1544 1689 τῷ

0 1706 14 1733 ιε
146 1692 375 1758 συνεδρίῳ
386 1688 577 1758 μεγάλην
598 1688 709 1743 ε’χειν
735 1687 1063 1757 ἀναθεώρησιν·
1094 1692 1188 1737 τοῖς
1211 1687 1257 1730 δὲ
1282 1677 1545 1743 διαφέρουσι

148 1752 204 1820 τῇ
234 1745 447 1818 φρονήσει
464 1745 579 1788 πολύ
601 1749 828 1798 προτερεῖν
855 1743 882 1799 ἡ
911 1747 994 1787 τοῦ
1016 1747 1196 1786 Νασικᾶ
1221 1745 1543 1801 διελαμβάνετο.

0 1822 15 1855 s
79 1804 207 1853 606οὐ
234 1821 319 1861 γαρ
349 1804 397 1847 ἐκ
425 1806 502 1871 τῆς
532 1802 678 1844 ἄλλων
709 1799 938 1851 ἀσθενείας
963 1800 1142 1855 ε’κριναν
1164 1802 1256 1844 δεῖν
1273 1806 1544 1855 θεωρεῖσθαι
1574 1803 1629 1846 25

148 1861 229 1918 τὴν
257 1864 334 1917 τῆς
358 1857 524 1915 Ῥώμης
553 1857 702 1914 ἰσχύν,
735 1855 830 1901 ἀλλ’
862 1858 909 1901 ἐκ
937 1861 1018 1900 τοῦ
1046 1859 1286 1927 φαίνεσθαι
1306 1874 1395 1902 των
1422 1858 1549 1914 μεγά-

7 1936 17 1969 g
148 1923 241 1964 λων
277 1919 468 1987 μείζονα.
500 1916 614 1969 πρὸς
644 1915 690 1958 δὲ
718 1913 897 1966 τούτοις
927 1913 1174 1985 σωζομένης
1211 1915 1291 1967 μὲν
1327 1919 1405 1971 τῆς
1432 1918 1548 1986 Καρ

3 1993 18 2026 ς,
143 1972 338 2050 χηδόνος
367 1973 391 2018 6
427 1971 512 2016 ἀπὸ
541 1971 700 2027 ταύτης
740 1971 884 2027 φόβος
919 1970 1162 2042 ἠνάγκαζεν
1194 1970 1402 2026 ὁμονοεῖν
1441 1973 1548 2025 τούς

2 2049 20 2076 ε’
151 2033 388 2089 Ρωμαίους
421 2029 497 2073 καὶ
524 2033 614 2072 τῶν
641 2028 1012 2100 υποτεταγμένων
1033 2028 1232 2079 ἐπιεικῶς
1261 2029 1335 2072 καὶ
1363 2028 1547 2082 ἐνδόξως

11 2105 19 2132 ε
150 2089 325 2160 ἄρχειν·
352 2089 415 2131 ὠν
444 2085 576 2130 οὐδὲν
601 2084 782 2129 κάλλιόν
812 2085 901 2129 ἐστι
929 2084 1041 2141 πρὸς
1068 2085 1303 2157 ηγεμονίας
1329 2085 1545 2142 διαμονήν
1573 2092 1630 2132 30

11 2164 20 2198 ς
148 2163 196 2191 τε
233 2145 310 2190 καὶ
346 2144 551 2217 αὔξησιν
589 2141 863 2212 ἀπολομένης
903 2143 950 2186 δὲ
987 2146 1065 2199 τῆς
1103 2141 1343 2186 ἀντιπάλου
1381 2143 1548 2195 πόλεως

4 2221 22 2248 ν.
149 2202 373 2272 πρόδηλος
420 2206 478 2256 ην
524 2200 572 2243 έν
608 2216 688 2255 μεν
724 2204 819 2251 τοῖς
865 2201 1064 2250 πολίταις
1106 2199 1318 2255 ἐμφύλιος
1357 2199 1476 2244 πόλει
1464 2218 1548 2255 ιος

7 2279 15 2305 ε
148 2258 385 2331 ἐσόμενος,
421 2258 470 2301 ἐκ
511 2257 557 2300 δὲ
585 2270 667 2300 τωτ·
710 2253 952 2327 συμμάχων
980 2254 1187 2300 απάιτων
1221 2262 1347 2327 μῖσος
1377 2259 1438 2309 εἰς
1466 2257 1546 2314 την

3 2319 23 2371 ἐξ
151 2315 391 2374 ἡγεμονίαν
419 2314 494 2358 διὰ
521 2330 604 2370 την
633 2316 694 2365 εἰς
735 2312 898 2364 αὐτοὺς
935 2313 983 2358 ἐκ
1022 2318 1110 2357 τῶν
1140 2311 1367 2368 αρχόντων
1395 2318 1545 2357 πλεον-
1574 2319 1629 2361 35

4 2377 24 2420 ιιὶ
152 2375 271 2426 εξίαν
307 2388 352 2415 τε
386 2372 460 2416 καὶ
498 2372 792 2426 παρανομίαν.
834 2369 942 2425 ἅπερ
973 2370 1148 2414 ἅπαντα
1157 2370 1342 2439 συνέβη
1371 2375 1426 2442 τῇ
1450 2370 1551 2415 Ρώ-

9 2433 25 2478 ἑ.
151 2447 213 2488 μῃ
245 2445 348 2485 μετα
376 2428 457 2484 τήν
485 2432 560 2484 τῆς
590 2425 880 2497 Καρχηδόνος
904 2426 1208 2484 κατασκαφήν.
1245 2444 1319 2471 και
1348 2445 1432 2484 γαρ
1463 2428 1550 2472 ἐπι-

0 2491 26 2548 ὴν
153 2489 357 2532 κίνδυνοι
395 2487 665 2542 δημαγωγίαι
705 2485 781 2529 καὶ
816 2483 963 2542 χώρας
993 2484 1242 2541 άναδασμοὶ
1277 2501 1352 2528 και
1383 2484 1560 2543 συμμά-

4 2622 27 2656 vg
153 2613 213 2648 98.
231 2609 513 2692 προεκάθισανὲ
539 2609 807 2655 προεκάθησαν
837 2612 870 2646 V
1009 2610 1090 2646 100.
1123 2609 1315 2654 πλείστων]
1344 2621 1458 2645 nonne
1479 2623 1552 2646 πο-

155 2661 295 2695 λιτωνέ
434 2659 467 2692 4.
513 2671 532 2692 κ
557 2660 810 2698 Πεσινοῦντος
834 2657 949 2691 Vales
939 2670 1012 2700 nus,
1037 2657 1199 2692 ἐκπεσεῖν
1224 2655 1346 2697 ον’τως
1369 2658 1402 2691 V
1515 2657 1551 2693 6.

0 2711 27 2746 ΕΙ.
156 2705 364 2751 γινομένης]
392 2704 591 2762 γενομένης
616 2706 646 2738 V
774 2706 808 2738 7.
835 2701 995 2749 αγαθήν]
1024 2702 1274 2748 α’γαθωτάτην
1296 2703 1470 2746 vs·a1ems‚
1496 2703 1554 2737 cui

155 2754 357 2808 praeferam
385 2749 539 2795 αρίστην
575 2751 686 2794 (conf.
712 2752 755 2784 ad
777 2750 1141 2795 v01.1.p.63.:>5.)
1294 2751 1356 2785 και
1380 2748 1558 2792 τούτους]

13 2805 29 2836 et
156 2797 316 2838 τούτους
332 2799 359 2831 V
363 2800 434 2831 zelle
432 2799 495 2831 ius
518 2798 678 2831 lacunam
706 2798 799 2830 male
823 2798 938 2832 celanen
1091 2797 1148 2830 16.
1175 2794 1284 2851 κατά]
1311 2796 1403 2839 μετοὶ
1428 2798 1558 2830 Schue-

157 2845 255 2881 ferus
279 2845 324 2881 ad
347 2844 457 2881 Thes.
483 2844 608 2887 steph.
633 2856 663 2878 c.
685 2843 777 2878 9893
756 2859 789 2880 υ.
930 2845 988 2879 19.
1015 2839 1072 2880 ἀεὶ
1097 2843 1189 2889 ζητ.]
1216 2839 1273 2876 άεὶ
1299 2843 1485 2878 delen-„lum
1508 2847 1563 2878 est

1190 2888 1285 2932 10*
