1968 3346
121 451 269 486 Aemilii
280 453 412 487 Perseo
433 457 544 498 capto

178 509 307 545 oratio,
344 520 432 555 erga
455 520 544 543 eum

177 565 308 598 lenitas

121 621 365 656 Macedoniae
377 628 412 655 et
422 619 543 666 Illyri-

178 690 220 711 co
233 678 277 711 ab
286 678 462 712 Romanis
473 678 543 710 im-

177 734 316 779 positae
332 735 433 780 pacis
445 734 544 779 leges

121 845 351 880 Rhodiorum
383 849 545 882 Romam

177 902 287 936 missa
307 903 352 936 ad
370 903 546 936 dirimen-

178 959 270 991 dum
294 959 436 993 bellum
457 961 545 992 Per·

177 1015 296 1048 sicum
323 1016 459 1060 legatio

110 1071 443 1116 Gallograecorum
457 1083 544 1106 cum

176 1129 341 1162 Eumene
359 1129 500 1162 bellum

120 1240 293 1275 Antiochi
304 1241 495 1287 ingenium
508 1246 546 1275 et

180 1310 265 1331 cum
296 1299 469 1332 Graccho
507 1304 545 1331 et

178 1355 338 1400 Popillio
361 1355 545 1400 colloquia

121 1468 178 1501 De
189 1467 423 1501 Rhodiorum
434 1468 545 1501 rebus

180 1524 398 1558 deliberatio
408 1527 503 1560 Rom
509 1536 546 1559 a·

178 1593 315 1614 norum

123 1637 270 1670 Aemilii
292 1637 413 1671 Paulli
442 1638 548 1682 inge-

180 1694 286 1727 nium

123 1751 276 1784 Perseus
326 1755 455 1795 captus
506 1749 548 1782 in

181 1819 371 1840 carcerem
402 1806 447 1839 ab
472 1807 548 1839 Ro-

180 1864 299 1897 manis
321 1864 509 1896 coniectus

123 1920 307 1954 Demetrii
318 1919 486 1953 Phalerei
502 1918 548 1952 de

180 1976 432 2010 Macedonum
478 1976 548 2008 ini·

181 2035 284 2077 perio
307 2044 375 2065 vox
397 2031 549 2066 fatidica

124 2089 270 2123 Aemilii
289 2089 407 2123 Paulli
424 2089 462 2121 in
487 2089 547 2121 lu-

181 2152 245 2179 ctu
260 2145 459 2179 domestico
470 2145 549 2178 for-

181 2203 300 2236 titudo
320 2201 433 2235 animi

125 2258 229 2292 Bello
252 2259 393 2293 Persico
421 2258 548 2291 confe-

181 2321 241 2348 cto
263 2317 421 2349 Romam
442 2315 549 2348 undi—

183 2382 256 2416 que
323 2373 550 2405 confluentes

182 2428 451 2473 gratulantium
493 2428 548 2461 le·

183 2486 351 2530 gationes

128 2542 229 2574 Inter
272 2542 339 2575 hos
375 2541 550 2575 Eumenis

185 2599 350 2632 Persicae
367 2597 552 2631 societatis

186 2655 342 2688 crimine
389 2666 426 2688 se
464 2665 553 2699 pur-

186 2712 307 2757 gantis

123 2767 295 2802 Eumenis
305 2778 462 2813 regnum
468 2768 556 2801 Per-

193 2836 252 2858 seo
292 2825 474 2859 debellato
517 2823 559 2857 in.

644 223 678 263 L
707 224 726 264 1
754 224 800 265 Β.
857 223 969 265 ΧΧΙ.
987 223 1150 267 —XL.

1587 230 1674 271 233

565 341 750 385 Excerpta
789 341 974 386 Excerpta
1017 344 1200 388 Excerpta
1232 340 1415 389 Excerp'ta
1452 344 1673 392 Fragmenta

597 396 730 431 Valesii
826 398 946 432 Photii
1052 400 1171 434 Vrsini
1236 401 1410 435 Vaticana

573 564 652 600 581.
673 565 748 600 100.
1291 566 1349 601 86.
1370 568 1426 603 13.

572 731 653 768 581.
679 733 712 768 8.
738 750 793 760 --

629 788 686 825 42.

1290 1015 1347 1052 88.
1372 1017 1404 1050 1.

571 1126 650 1163 582.
669 1123 725 1160 48.
742 1145 790 1153 -

627 1183 683 1217 75.

1235 1293 1452 1331 88.4.—-89.

573 1349 652 1385 582.
669 1349 726 1383 76.
737 1366 794 1375 -—·
1291 1354 1349 1387 22.

627 1407 707 1443 583.
738 1404 795 1440 34.

849 1518 928 1553 515.
954 1518 983 1552 1.
1042 1510 1119 1549 624.
1142 1511 1197 1550 94.
1236 1520 1291 1556 39,
1313 1521 1371 1556 23.
1398 1539 1455 1548 .-

1289 1579 1347 1613 92.
1372 1576 1407 1613 4.

1290 1691 1348 1726 92.
1372 1689 1408 1726 5.

575 1860 683 1898 ⁶582.
707 1860 764 1897 43.
824 1856 900 1892 515.
921 1857 975 1891 23.
1293 1861 1351 1896 92.
1375 1861 1429 1894 10.

1295 2030 1350 2064 92.
1377 2026 1430 2063 14.

1313 2194 1369 2233 94.

1046 2479 1127 2518 624.
1148 2482 1202 2517 16.

1049 2705 1129 2741 625.
1148 2705 1205 2740 26.

1523 740 1587 776 LI.
