1968 3346
445 199 744 243 EXCERPTA
772 198 965 242 PHOTII
997 201 1046 241 L.
1076 199 1286 244 xxxvn.
1511 206 1565 248 71

169 311 462 382 συγκλεισθεις
491 308 540 355 δ’
567 311 615 355 ἐν
644 308 775 380 αὐτῆ
782 310 857 355 καὶ
885 309 1050 380 χρόνον
1085 308 1169 354 οὐκ
1198 309 1349 366 ὀλίγον
1385 316 1564 367 πολιορ-

166 369 316 425 κηθεις
349 366 636 425 ἠναγκάσθη,
672 384 852 412 παντων
890 365 1027 411 αὐτὸν
1063 366 1458 442 ἐγκαταλιπόντων,
1488 372 1564 414 καὶ

165 426 379 481 μηδεμίαν
408 427 621 496 σωτηρίας
648 423 757 468 ὁδόν
784 427 1016 476 καθορῶν,
1047 423 1126 479 τήν
1155 423 1253 475 ἑνὸς
1272 426 1444 470 οἰκέτου
1472 430 1561 470 τῶν

163 485 333 525 πιστῶν
360 486 480 537 χεῖρα
509 483 569 531 εἰς
608 478 736 525 λύσιν
770 485 858 524 τῶν
896 483 1054 524 δεινῶν
1082 481 1391 535 παρακαλέσαι.
1428 484 1503 526 καὶ
1531 483 1558 527 ὅ
1586 487 1642 532 40

162 554 212 593 γε
240 539 455 589 πεισθείς,
484 538 558 581 καὶ
586 541 663 594 μιᾷ
692 542 833 593 πληγη
852 540 933 582 τοῦ
956 539 1058 593 βίου
1086 536 1166 579 τὸν
1187 536 1403 606 δεσπότην
1424 538 1558 583 απαλ-

162 594 320 646 λαξας,
357 593 519 638 ἑαυτὸν
561 582 884 650 ἐπικατέσφαξε.
928 594 1003 636 καὶ
1035 591 1220 636 παύεται
1258 593 1338 649 μὲν
1380 594 1491 652 αὕτη
1526 595 1556 653 ἡ

163 650 336 702 στάσις,
375 651 560 700 λείψανα
595 651 744 703 μέντοι
779 654 863 694 τοῦ
902 649 1099 704 πολέμου
1128 648 1452 706 υπολειφθέντα
1479 657 1558 722 τῆς

161 709 345 776 Μαρίου
364 708 541 775 μοίρας
585 706 655 751 ἐπὶ
701 705 873 778 χρόνον
904 705 1056 763 Σύλλᾳ
1094 707 1423 766 διεμαχέσαντο,
1475 708 1557 761 ἕως

161 764 236 808 καὶ
265 761 379 806 αὕτα
407 763 705 833 συνδιέφθορε
733 769 826 814 τοῖς
854 762 1014 813 ἄλλοις.
1583 769 1638 813 45

273 818 422 874 [Μετοὶ
449 819 601 887 μέντοι
628 820 721 889 την
747 819 917 864 τούτων
957 818 1231 889 ἀπαλλαγήν
1246 821 1471 890 Πομπηίῳ
1492 824 1555 877 τῷ

158 875 435 944 ἐπικληθέντι
454 875 628 933 Μάγνῳ
653 875 727 919 διὰ
748 877 824 927 τὰς
842 876 1017 948 πράξεις
1046 893 1097 927 ας
1116 874 1379 929 κατώρθωσε
1401 866 1555 921 Σύλλα

158 948 204 975 τε
243 948 449 988 πραττων
487 934 560 976 καὶ
600 931 710 977 καθ’
749 933 907 978 ἑαυτὸν
922 932 1191 1006 Ρῳμαίοις,
1222 932 1364 991 τούτῳ
1392 932 1450 1003 δὴ
1479 935 1555 977 καὶ

155 987 321 1047 Ἰουλίῳ
343 990 579 1043 Καίσαρι’
564 990 653 1060 ε’ρις
673 989 874 1033 ἐκκαεῖσα
897 990 957 1041 εἷς
987 989 1230 1045 ἐμφυλίους
1258 988 1431 1045 σφαγας
1450 989 1555 1041 τούς
1584 995 1639 1039 50

153 1034 405 1102 ςΡωμαίους
440 1047 575 1090 πάλιν
610 1044 829 1116 ἠναγκασε
869 1050 1191 1117 συστραφῆναι.
1207 1049 1468 1117 Πομπηίου
1507 1047 1555 1090 δὲ

157 1106 384 1172 λαμπρῶς
403 1107 496 1154 τοῖς
535 1102 655 1154 ὅλοις
693 1101 963 1173 ἡττηθέντος
1001 1103 1076 1148 καὶ
1112 1102 1222 1146 κατὰ
1257 1119 1337 1170 την
1362 1101 1556 1172 Ἀλέξαν-

157 1160 311 1227 δρειαν
357 1156 690 1212 ἀναιρεθέντος,
737 1159 1012 1204 συστέλλεται
1057 1159 1136 1213 μὲν
1180 1157 1209 1215 ἡ
1247 1176 1337 1202 των
1375 1157 1556 1205 υπάτων

157 1213 265 1272 ἀρχή
295 1217 357 1267 εἰς
385 1217 629 1289 μοναρχίαν
657 1217 854 1270 Καίσαρι
882 1233 942 1275 τῳ
959 1214 1141 1286 Ἰουλίῳ,
1171 1214 1300 1260 παύει
1331 1216 1377 1260 δὲ
1405 1217 1553 1260 τέλεον
1580 1224 1636 1267 55

155 1273 230 1316 καὶ
261 1270 289 1328 ἡ
320 1273 481 1324 στασις.
510 1273 681 1319 ἐκείνου
711 1272 757 1316 δὲ
787 1262 1072 1344 ἀνῃρημένου
1100 1272 1212 1316 κατὰ
1244 1271 1450 1328 Βρούτου
1479 1273 1555 1317 καὶ

154 1330 357 1373 Κασσίου
385 1333 473 1375 τῶν
502 1328 749 1374 ἀνελόντων
773 1327 962 1401 πόλεμος
989 1328 1205 1384 ἐμφύλιος
1236 1335 1440 1382 κινεῖται,
1470 1345 1555 1385 χει·

156 1385 397 1457 ριζομένων
434 1388 632 1431 Λεπίδου
676 1403 721 1430 τε
757 1386 832 1430 καὶ
865 1384 1104 1430 Ἀντωνίου
1150 1386 1223 1430 καὶ
1258 1385 1555 1456 Ὂκταβιανοῦ

16 1437 22 1449 ’
153 1446 237 1486 τοῦ
262 1441 530 1499 Αὐγούστου
559 1459 639 1499 την
667 1442 840 1486 ὕπατον
870 1442 1008 1498 ἀρχήν
1035 1441 1324 1498 ἐχόντων.οὐ
1355 1443 1554 1498 βραδέως

73 1467 83 1562 ι
156 1499 204 1542 δε
231 1503 316 1543 τοῦ
343 1501 540 1570 πολέμου
569 1501 714 1552 κρίσιν
751 1504 843 1550 τοῖς
872 1499 1026 1550 ὅπλοις
1054 1499 1293 1553 λαβόντος,
1324 1500 1400 1542 καὶ
1428 1517 1552 1555 νικη-
1580 1512 1637 1552 60

16 1561 46 1597 541
70 1555 326 1602 154256vzcov
353 1557 428 1600 καὶ
455 1555 783 1627 ἀναιρεθέντων
809 1572 900 1598 των
938 1556 1038 1609 περὶ
1066 1555 1267 1598 Κασσιον
1303 1555 1378 1599 καὶ
1410 1560 1552 1610 Βροῦ-

154 1629 259 1664 τον,
300 1610 392 1683 μετ’
428 1610 482 1655 οὐ
521 1612 635 1656 πολὺ
674 1612 885 1667 ῥήγνυται
915 1614 974 1664 εἰς
1001 1611 1051 1655 τὸ
1055 1611 1278 1681 φανερὸν
1307 1611 1334 1668 ἡ
1365 1613 1550 1666 ἐνδομυ-

152 1672 293 1724 χοῦσα
323 1667 588 1725 Αὐγούστου
625 1670 700 1712 καὶ
725 1668 955 1713 Ἀντωνίου
990 1685 1099 1722 υπερ
1144 1673 1220 1724 τῆς
1249 1671 1550 1723 φιλοπρωτίας

153 1725 325 1795 ἅμιλλα.
355 1743 430 1770 και
457 1729 632 1769 πολλων
661 1729 884 1779 συγγενῶν
914 1725 1109 1779 αἷμάτων
1131 1725 1403 1779 ἑκατέρωθεν
1423 1725 1550 1780 ῥυέν-

152 1798 242 1824 των
268 1781 318 1824 τό
357 1780 519 1834 κράτος
560 1780 802 1851 Αὐγούστῳ
832 1784 1109 1850 βεβαιοῦται,
1149 1781 1224 1825 καὶ
1253 1785 1342 1824 τῶν
1373 1781 1488 1826 ὅλων
1517 1781 1546 1839 ἡ
1576 1791 1632 1833 65

150 1836 327 1889 ἐξουσία
358 1838 480 1909 αὕτῳ
504 1837 744 1906 παραμένει
773 1826 845 1881 δια
875 1839 1000 1893 βίου,
1030 1842 1107 1893 τῆς
1135 1843 1222 1881 τῶν
1250 1837 1431 1881 ὑπάτων
1460 1843 1548 1882 λοι-

151 1893 239 1938 πὸν
257 1892 390 1951 ἀρχῆς
407 1912 488 1952 την
509 1897 626 1939 ἰδίαν
645 1893 768 1947 τάξιν
789 1895 862 1938 καὶ
885 1896 1145 1938 δυναστείαν
1168 1893 1545 1952 αποβεβληκυίας]

152 2019 210 2055 37.
235 2016 571 2064 ἐγκαταλιπόντων]
596 2018 932 2063 ἕγκαταλειπόντιον
955 2021 986 2053 Α
1109 2020 1167 2054 46.
1190 2040 1235 2045 -
1259 2019 1339 2057 542.
1363 2020 1422 2056 68.
1447 2022 1544 2056 Pho—

152 2065 203 2100 tio
226 2070 322 2101 recte
343 2066 466 2102 tribuit
489 2066 762 2111 wesselingius,
788 2068 892 2110 plura
920 2066 1029 2102 etiam
1052 2066 1096 2103 de
1118 2068 1360 2103 Romanorum
1383 2079 1457 2113 rep.
1481 2079 1543 2104 an-

153 2112 302 2149 necteuti
438 2112 497 2151 67.
521 2113 624 2150 ἰδίαν
647 2124 719 2149 om.
743 2113 854 2156 Amet„
