1968 3346
237 151 539 204 ExcERPrA
567 157 658 199 DE
666 155 817 198 VIRT.
845 154 932 197 ET·
948 129 1087 198 Ἧι·Γ
1095 154 1144 195 ι..
1163 153 1484 196 xxxl.125

87 290 232 348 χυντο
264 270 313 315 έν
340 269 446 341 γάρ
455 273 516 328 τῷ
548 271 751 325 Περσικῷ
779 267 952 338 πολέμῳ
969 263 1149 321 χρόνον
1176 265 1377 309 πλείονα
1388 268 1481 310 δια
1517 278 1526 301 1

89 333 319 401 τρίψαντες
350 327 510 398 ταχέως
537 326 755 395 ἐζήλωσαν
775 329 862 367 τῶν
888 324 1110 391 Ἑλλήνων
1132 321 1212 377 τήν
1229 323 1326 376 περὶ
1341 326 1481 371 τοῦτο

89 388 140 431 τὸ
170 386 302 443 μέρος
331 384 590 467 εὐχέρειανηῖ,
620 381 762 432 άλλως
788 397 832 424 τε
862 381 936 423 καὶ
965 378 1199 434 χρημάτων
1230 378 1483 440 εὐπορηκό-

88 460 178 495 τες
199 444 273 487 καὶ
309 440 510 512 χορηγόν.
539 438 775 499 ἀξιόχρεων
815 436 895 481 τὸν
939 441 1133 480 πλοῦτον.
1177 435 1343 497 ἔχοντες
1380 443 1477 490 ταῖς
1505 446 1561 486 60

88 500 201 555 πρὸς
229 516 306 550 τας
329 497 496 569 ἡδονὰς
526 496 1040 546 δαπάναις..
1076 515 1077 518 =
1518 522 1520 525 .
1586 502 1590 506 ·

192 558 289 599 Ὅτι
317 554 339 598 6
372 554 573 597 Σκιπίων
603 550 800 608 ὁρμήσας
829 549 898 594 ἐπὶ
929 530 1019 604 τήν
1061 546 1264 592 ἐναντίαν
1304 531 1482 621 ἀγωγήν

88 617 170 657 τοῦ
199 615 324 683 βίου,
370 611 444 653 καὶ
482 608 644 660 πάσαις
664 614 768 659 ταῖς
797 611 874 664 τῆς
904 605 1078 677 φύσεως
1118 605 1371 675 ἐπιθυμίαις
1403 608 1477 658 ω’ς-

88 687 168 725 περ
208 669 294 711 τισὶ
332 668 510 736 θηρίοις
552 664 910 735 ἀντιταξάμενος,
956 663 1007 706 ἐπ
1061 659 1161 704 οὐδ’
1194 661 1313 712 ὅλοις
1350 664 1479 707 πέντε

88 728 199 771 ἔτεσι
238 722 572 778 περιεποιήσατο
610 721 863 794 πάνδημον
885 720 958 763 καὶ
998 720 1367 790 συγχωρουμένην
1379 721 1479 789 την
1506 728 1562 770 65

90 781 162 827 ἐπ’
203 780 376 837 εὐταξία
415 779 726 849 σωφροσύνην.
781 777 959 846 ταύτης
986 773 1032 820 δ’
1070 774 1189 833 αὐτῷ
1229 776 1477 831 συμφώνως
1539 808 1542 812 ,

89 837 452 908 μαρτυρουμένης
481 837 555 879 καὶ
585 835 702 889 παρὰ
722 840 827 879 πᾶσι
854 831 1038 889 μεγάλης
1064 821 1350 888 ἐπισημασίας
1378 851 1477 889 τυγ-

87 893 328 965 χανούσης,
378 893 579 949 ὥρμησεν
617 893 687 936 ἐπὶ
725 892 773 936 τὸ
816 891 1123 947 μεγαλοψυχίᾳ
1170 890 1243 932 καὶ
1284 907 1335 947 τη
1374 892 1476 960 περι

86 952 140 996 τοὶ
170 951 371 1020 χρήματα
399 948 718 1021 ἐλευθεριότητι
758 952 1014 1017 διενεγκεῖν
1032 951 1123 988 τῶν
1163 944 1322 989 άλλων
1364 947 1485 1001 πρὸς

88 1009 135 1053 δὲ
165 1013 295 1051 τοῦτο
326 1007 375 1050 τὸ
405 1009 536 1062 μέρος
566 1012 641 1064 τῆς
672 1005 827 1062 ἀρετῆς
858 1010 940 1060 εἰχε
970 1003 1048 1061 μὲν
1077 1004 1150 1046 καὶ
1180 1001 1228 1046 τό
1260 998 1373 1057 ἦθος
1392 1009 1476 1047 τοῦ
1488 1012 1561 1051 70

87 1082 198 1119 κατα
243 1062 382 1118 ’φύσιν
418 1063 593 1135 πατρὸς
615 1065 830 1134 Αἰμιλίου
872 1061 981 1116 πρὸς
1022 1063 1202 1117 μίμησιν
1241 1058 1475 1104 κάλλιστον
1524 1091 1526 1095 ·

89 1122 347 1191 ἀρχέτυπον,
378 1121 451 1164 καὶ
481 1119 679 1164 καθόλου
710 1119 787 1176 τὴν
816 1117 901 1175 μετ’
932 1119 1102 1162 ἐκείνου
1133 1118 1377 1171 συμβίωσιν
1405 1134 1483 1161 πε·

87 1178 366 1248 ποιημένος,
389 1183 589 1248 προεῖχεν
612 1177 714 1248 ᾔδη
736 1194 777 1220 τι
806 1179 896 1219 τῶν
909 1173 1152 1245 προῦργου
1182 1175 1254 1217 καὶ
1285 1172 1487 1228 προύτε-.·

87 1234 274 1279 τύπωτο.
313 1232 397 1278 οὐκ
427 1233 551 1305 ὀλίγα
583 1235 628 1278 δε
661 1233 780 1291 αὐτῷ
807 1230 1051 1303 συνήργησε
1078 1232 1151 1274 καὶ
1180 1228 1471 1300 ταύτόματον,
1502 1234 1557 1277 75

87 1291 426 1347 παρασχόμενον
457 1290 661 1347 οἷφορμας
688 1295 777 1334 τοῦ
807 1290 913 1346 ταχύ
945 1288 1211 1361 περιβόητον
1242 1285 1383 1330 αὐτοῦ
1412 1306 1478 1343 γε·

86 1349 247 1393 νέσθαι
272 1365 351 1419 την
382 1348 721 1404 ἀφιλαργυρίαν.
761 1349 940 1418 Αἰμιλία
969 1362 1125 1402 γαρτοι
1153 1344 1343 1415 μεγάλου
1373 1349 1478 1388 Σκι-

85 1407 268 1457 πίωνος,
301 1403 467 1474 άδελφη
500 1406 545 1448 δὲ
574 1409 656 1448 τοῦ
689 1404 860 1459 Περσέα
887 1401 1327 1470 καταπολεμήσαντος
1354 1404 1478 1456 Αἰμι-

87 1465 209 1512 λίου,
219 1461 481 1531 μετήλλαξε
511 1461 590 1506 τὸν
630 1464 741 1532 βίον
774 1460 1053 1504 ἀπολιποῦσα
1082 1457 1275 1516 μεγάλην
1305 1458 1478 1511 οὐσίαν,

85 1515 139 1575 ἧς
181 1513 308 1570 οὗτος
346 1518 510 1575 υπῆρξε
550 1517 835 1575 κληρονόμος.
878 1518 925 1561 ἐν
961 1517 1136 1566 τούτοις
1174 1517 1258 1558 οὑν
1295 1515 1490 1572 πρώτην
1505 1520 1561 1560 80

87 1577 221 1619 ἔδωκε
249 1581 404 1628 πεῖραν
433 1579 510 1643 τῆς
539 1577 652 1626 ἰδίας
681 1575 976 1629 προαιρέσεως
1007 1576 1052 1618 ἐκ
1072 1571 1366 1644 περιστάσεως
1387 1590 1476 1615 τοι-
1528 1588 1548 1594 ’·

87 1630 235 1702 αύτης.
265 1630 292 1689 ἡ
321 1649 406 1688 γαρ
440 1631 579 1703 μήτηρ
612 1631 751 1676 αὐτοῦ
782 1634 1000 1685 Παπειρία
1029 1629 1141 1674 πολυ
1170 1629 1256 1683 πρὸ
1286 1634 1364 1685 τῆς
1393 1633 1475 1673 τοῦ

87 1688 253 1742 πατρὸς
281 1693 477 1744 τελευτῆς
507 1688 711 1744 ἐτύγχανε
741 1687 1030 1744 κεχωρισμένη
1053 1703 1132 1743 μεν
1155 1684 1240 1728 απὸ
1262 1664 1473 1739 τάνδρός·

86 1744 176 1790 κατ’
208 1747 326 1789 ἰδίαν
357 1746 402 1788 δὲ
442 1745 656 1800 διάγουσα
690 1745 772 1816 τήν
805 1749 884 1788 τοῦ
914 1747 1017 1800 βίου
1056 1743 1266 1814 χορηγίαν
1294 1742 1474 1786 έλλειπε-
1505 1744 1559 1787 85

91 1802 246 1857 στέραν
278 1800 377 1871 εἶχε
397 1806 490 1872 τῆς
510 1803 608 1857 περὶ
645 1801 784 1858 αὐτὴν
821 1799 1054 1856 εὐγενείας.
1101 1799 1128 1857 ἡ
1172 1799 1217 1842 δὲ
1253 1803 1333 1842 τοῦ
1367 1800 1476 1843 κατὰ

86 1859 211 1902 θέσιν
239 1857 403 1912 πατρὸς
431 1857 570 1914 μήτηρ
597 1859 680 1916 τήν
708 1860 1007 1931 κληρονομίαν
1035 1855 1317 1900 ἀπολιποῦσα
1343 1857 1477 1912 χωρὶς

86 1920 163 1971 τῆς
202 1913 333 1985 άλλης
371 1913 579 1969 εὐπορίας
609 1915 800 1972 μεγάλην
831 1914 1000 1972 έσχήκει
1029 1929 1272 1968 περικοπην
1301 1914 1473 1969 κόσμου

84 1972 182 2027 περὶ
212 1971 350 2028 αὐτην
393 1973 466 2016 καὶ
505 1976 836 2030 θεραπαινίδων
874 1973 949 2016 καὶ
987 1976 1075 2015 τῶν
1105 1970 1273 2022 άλλων,
1322 1988 1379 2022 ως
1420 1969 1476 2013 οἷν

85 2034 395 2099 συν-ηκμακυῖα
419 2033 481 2084 τῷ
512 2046 556 2072 τε
586 2031 667 2087 βίῳ
698 2031 771 2074 καὶ
800 2047 853 2087 τῃ
893 2027 999 2086 τύχη
1029 2033 1113 2072 τοῦ
1144 2026 1335 2083 μεγάλου
1366 2032 1473 2070 Σκι-
1504 2029 1562 2070 90

83 2087 263 2138 πίωνος.
312 2085 475 2142 ταύτην
505 2086 681 2130 ἅπασαν
709 2087 790 2144 τήν
826 2085 1100 2143 κατασκευὴν
1130 2088 1306 2128 πολλων
1336 2080 1478 2127 οὖσαν

87 2141 311 2186 ταλάντων
343 2144 493 2196 φέρων
523 2143 771 2214 ἐδωρήσατο
801 2148 855 2200 τῇ
887 2145 1027 2199 μητρί.
1065 2159 1116 2198 ης
1145 2141 1255 2186 κατα
1285 2141 1358 2192 τὰς
1390 2141 1478 2184 ἐπι-

0 2199 254 2270 χ587σήμους
285 2200 461 2252 ἐξόδους
490 2199 729 2273 χρωμένης
753 2205 807 2257 τῇ
838 2202 1018 2256 δοθείσῃ
1049 2200 1232 2261 χορηγίᾳ
1260 2199 1334 2242 καὶ
1363 2202 1477 2253 λαμ-

85 2256 289 2313 πρότητι,
317 2255 367 2301 τὸ
397 2274 477 2313 μεν
506 2261 683 2314 πρῶτον
712 2257 760 2302 ἐν
789 2263 883 2309 ταῖς
912 2258 1138 2313 γυναιξίν,
1188 2272 1279 2299 ειτα
1308 2255 1356 2299 ἐν
1385 2260 1477 2308 τοῖς

83 2392 142 2429 65.
168 2391 440 2448 σωφροσύνην]
472 2393 534 2429 καὶ
558 2392 783 2440 σωφροσύνῃ
809 2391 926 2436 δόξαν
949 2390 1120 2448 Polybius
1141 2392 1290 2426 XXXII.
1314 2391 1370 2424 11.
1394 2390 1428 2425 8

85 2439 142 2473 68.
160 2436 203 2474 ‘co‘
224 2441 474 2496 μεγαλοψυχίᾳ
499 2441 752 2485 wesselingius
778 2451 819 2474 ex
848 2439 1016 2483 Polybio,
1051 2436 1118 2483 τὴν
1142 2439 1418 2505 μεγαλοψυχίαν
1445 2436 1474 2470 V

178 2485 235 2520 74.
262 2484 545 2527 προύτετύπωτο
579 2487 789 2520 Schaefems
820 2487 863 2519 ad
896 2485 1103 2528 Dionysium
1134 2497 1170 2539 p.
1190 2485 1243 2518 28.
1306 2486 1475 2525 προὺπε-

84 2533 250 2566 τυποιῒτο
279 2533 308 2564 V
446 2533 503 2567 76.
529 2546 595 2578 την
620 2530 894 2577 άφιλαργυρίαν
918 2532 1002 2565 Rei
998 2531 1104 2573 hius,
1128 2544 1171 2575 τη
1174 2543 1195 2563 ν
1219 2532 1318 2564 abest
1341 2530 1372 2563 V

84 2576 142 2611 77.
169 2578 252 2634 τοι]
280 2574 302 2621 ἡ
328 2590 395 2613 του
421 2578 630 2613 Schneferus
653 2580 695 2613 ad
721 2578 802 2612 Bos·
777 2580 817 2612 ιί
843 2579 908 2612 En
938 2590 970 2620 p.
996 2577 1073 2611 93.-
1067 2603 1074 2611 .
1094 2545 1187 2619 ⁷apud
1212 2576 1399 2620 P‹›13bium
1425 2579 1476 2609 est

85 2622 179 2682 γυνή
203 2625 329 2659 ⁴1:015—-
346 2626 566 2666 Σκιπίωνος,
595 2631 632 2660 ut
655 2626 874 2659 scribendum
902 2624 1061 2658 videatur
1085 2620 1106 2668 ἡ
1133 2624 1201 2657 τοῦ
1224 2621 1383 2666 με,άλου
1406 2634 1474 2664 μεν

83 2669 176 2726 γυνή
204 2673 270 2705 Σ.;
303 2669 393 2723 γυνη
419 2684 485 2712 μεν
507 2673 577 2706 τοῦ
591 2692 636 2697 —-
656 2674 699 2706 Σ.
725 2671 808 2704 Rei
803 2671 844 2703 ki
837 2683 887 2703 ms
1051 2666 1168 2713 οἷδελφ
1175 2666 1260 2714 ἡδε
1284 2668 1368 2702 Reis
1364 2668 1474 2710 kius,

86 2714 271 2760 ἀδελφιδῆ
294 2719 343 2751 V:
369 2715 513 2762 ἀδελφή
539 2724 631 2751 rec-tc
654 2718 822 2762 scriptum
847 2717 935 2760 apud
961 2682 1195 2771 Ρ(ι1)1ιὶιιιιιη
1243 2714 1298 2748 82.
1329 2716 1474 2747 Παπει-

86 2764 150 2803 ρία
174 2763 289 2798 Vane·
264 2776 353 2803 ms,
380 2766 561 2807 Παπειρία
585 2765 616 2796 V
756 2763 813 2797 88.
838 2775 1047 2808 περικοπην
1073 2762 1250 2801 Valesius,
1275 2759 1474 2806 προκοπήν

86 2809 116 2841 V
231 2807 375 2856 αντ-ἡν]
403 2808 520 2857 αὐτην
547 2812 573 2847 V
