1968 3346
19 1064 51 1107 διὰ

17 1137 52 1212 99·

567 800 619 844 L.
706 796 1005 846 XXIII.

200 966 346 1037 Ημεῖς
375 964 422 1008 δὲ
450 967 526 1021 τῆς
556 963 751 1019 ἱστορίας
781 966 946 1010 οἰκεῖον
975 962 1346 1037 ὑπολαμβάνομεν
1366 963 1482 1009 εἶναι

72 1018 140 1077 ⁶15{6
181 1042 238 1081 μη
281 1026 543 1076 παραλιπεῖν
583 1021 959 1091 ἅνεπισημάντους
999 1021 1078 1072 τοὶς
1120 1025 1210 1065 τῶν
1247 1021 1479 1092 ἡγεμόνων

74 1079 366 1136 ’προαιρέσεις
394 1077 462 1122 ἐπ’
494 1077 733 1134 ἀμφότερα.
760 1083 816 1134 τῇ
843 1080 922 1135 μὲν
939 1077 1039 1148 γὰρ
1047 1082 1136 1121 τῶν
1157 1076 1479 1151 ἡμαρτημένων

74 1139 331 1198 κατηγορίᾳ
359 1138 655 1190 διορθουσθαι
693 1139 924 1192 συμβαίνει
961 1134 1066 1185 τούς
1104 1135 1171 1179 έπι
1200 1152 1282 1192 την
1319 1137 1479 1207 ομσίαν
1509 1140 1563 1183 45

44 1192 480 1263 καταφερομένους
519 1191 727 1247 α’γνοιαν,
767 1209 819 1249 τῃ
852 1193 899 1236 δὲ
938 1192 1007 1235 ἐπὶ
1036 1195 1126 1235 τῶν
1165 1192 1351 1262 οέγαθῶν
1392 1193 1479 1236 έπι-

45 1262 53 1270 ·
71 1250 372 1321 ssmy6svuavwv
411 1248 604 1307 εὐφημίᾳ
648 1252 971 1319 προτρέπεσθαι
1009 1252 1185 1292 πολλῶν
1224 1265 1300 1299 τας
1338 1250 1481 1319 ψυχας

47 1322 51 1336 ·
73 1307 202 1360 πρὸς
224 1305 410 1379 ἀρετήν
424 1307 488 1357 τίς
507 1308 590 1348 οὐν
609 1304 692 1350 οὐκ
717 1306 773 1350 α“ν
793 1308 971 1357 δικαίως
998 1305 1213 1361 μέμψαιτο
1231 1305 1317 1375 τὴν
1343 1304 1484 1379 (ἐφρο-

73 1365 232 1424 σύνην
259 1364 333 1407 καὶ
360 1361 441 1420 την
475 1362 786 1432 ὑπερηφανίαν
814 1363 894 1419 τὴν
922 1362 1150 1413 Ἀττιλίους
1190 1379 1271 1418 την
1298 1380 1382 1418 γαρ
1414 1380 1481 1406 ευ-

75 1423 246 1493 τυχίαν
274 1419 414 1473 ω’ςπερ
445 1418 559 1490 βαρύ
591 1422 777 1475 φορτίον
805 1420 994 1476 ἐνεγκεῖν
1022 1419 1241 1472 ἐπιδεξίως
1271 1419 1326 1463 ου’
1350 1422 1479 1489 δυνη-
1509 1425 1564 1467 50

75 1479 187 1529 θεὶς
216 1477 373 1521 ἑαυτὸν
402 1475 661 1531 ἀπεστέρησε
690 1481 766 1533 τῆς
797 1480 998 1533 μεγίστης
1028 1475 1176 1546 δόξης,
1215 1474 1296 1532 τὴν
1325 1477 1372 1519 δὲ
1401 1489 1481 1521 πα-

75 1537 219 1606 τρίδα
249 1533 451 1603 μεγάλοις
479 1533 705 1603 περιέβαλε
735 1539 899 1585 κακοῖς.
928 1532 1176 1604 δυναμενος
1204 1548 1289 1588 γαρ
1317 1532 1481 1578 θέσθαι

74 1592 170 1663 τὴν
208 1590 385 1647 εἰρήνην
417 1592 731 1659 συμφέρουσαν
771 1590 850 1645 μὲν
891 1607 944 1647 τῃ
979 1589 1159 1661 Ριόμῃ,
1184 1589 1395 1659 ταπεινήν
1434 1592 1482 1636 δὲ

4 1643 52 1701 959(
75 1636 165 1692 καὶ
193 1650 415 1697 παντελως
453 1645 638 1717 αἰσχρὰν
673 1663 726 1702 τῃ
760 1645 1036 1716 Καρχηδόνι,
1072 1646 1185 1718 πρός
1223 1647 1269 1691 δὲ
1304 1646 1482 1699 τούτοις

12 1688 416 1757 1⁰59{anaeve'21xa6&a0
456 1719 575 1757 παρα
614 1707 747 1746 πᾶσιν
788 1702 1044 1757 ἀνθρώποις
1080 1699 1266 1746 αἰώνιον
1304 1703 1482 1775 μνήμην
1511 1706 1566 1750 55

17 1745 52 1800 ῖᾶἒ
75 1761 355 1832 ιημερότητος
391 1761 466 1804 καὶ
504 1762 867 1815 φιλανθρωπίας,
903 1759 1074 1803 τούτων
1113 1759 1194 1814 μὲν
1224 1758 1328 1804 οὐδ’
1367 1760 1482 1804 ὁντι-

74 1745 78 1771 Ι

75 1801 78 1843 1

73 1822 234 1861 ναοῦν
263 1814 497 1886 ε’ποιησατο
529 1816 688 1872 λόγον,
727 1822 820 1867 τοῖς
850 1817 896 1860 δὲ
932 1830 1022 1859 των
1050 1814 1331 1874 ἠτυχηκότων
1360 1820 1483 1861 πταί·

82 1886 254 1944 σμασιν
285 1872 614 1943 ὑπερηφάνως
591 1874 901 1942 προςενεχθεὶς
928 1878 1167 1929 τηλικαῦτα
1194 1891 1268 1917 και
1296 1879 1482 1922 τοιαῦτα

73 1930 377 1986 προςέταττεν
413 1929 517 1980 ω’ςτε
555 1929 604 1973 τὸ
637 1946 716 1983 μεν
745 1930 976 2000 δαιμόνιον
1004 1934 1259 1986 νεμεσῆσαι,
1298 1931 1404 1981 τούς
1435 1933 1482 1976 δὲ
1512 1938 1566 1977 60

72 1987 355 2060 ηττημένους
393 1985 466 2030 δια
501 2003 583 2042 την
618 1986 883 2058 ὑπερβολὴν
909 1991 987 2056 τῆς
1025 1988 1196 2031 ἐκείνου
1236 1986 1484 2058 βαρύτητος

76 2045 389 2102 ἐπαναγκασαι
424 2044 669 2098 τραπέσθαι
711 2044 821 2098 πρὸς
861 2042 1009 2100 ἀλκήν.
1057 2050 1298 2115 τοιγαροῦν
1345 2044 1484 2095 εὐθύς

75 2100 322 2172 τηλικαύτη
351 2116 439 2144 των
467 2100 734 2155 πραγμάτων
763 2100 931 2155 ἐγένετο
954 2101 1192 2156 παλίρροια
1218 2099 1279 2145 δι’
1312 2101 1482 2146 ἐκεῖνον

76 2158 195 2209 digus
232 2159 338 2209 τούς
375 2157 455 2212 μὲν
492 2158 826 2212 Καρχηδονίους
865 2157 969 2208 τοὺς
1006 2158 1078 2201 δια
1116 2159 1197 2229 τὴν
1232 2160 1369 2214 ἡτταν
1406 2160 1482 2202 καὶ

76 2215 170 2287 την
198 2214 462 2270 κατάπληξιν
473 2213 799 2283 ἀπεγνωκότας
821 2214 870 2258 τό
904 2214 1120 2269 πρότερον
1149 2215 1231 2285 τὴν
1261 2219 1480 2271 σωτηρίαν
1511 2221 1565 2262 65

89 2271 138 2315 ἐκ
167 2274 407 2342 μεταβολῆς
435 2268 532 2314 τότε
560 2271 875 2341 θαρσήσαντας
906 2271 1153 2323 κατακόψαι
1182 2289 1261 2329 την
1289 2289 1379 2315 των
1408 2288 1484 2316 πο·-

76 2330 252 2383 λεμίων
292 2328 503 2383 δύναμιν,
543 2328 591 2371 τὸ
634 2329 679 2371 δὲ
715 2328 906 2372 σύνολον
945 2329 1182 2398 τηλικαύτῃ
1224 2333 1367 2386 πληγη
1407 2330 1484 2373 καὶ

77 2389 302 2455 συμφορᾷ
332 2390 578 2454 περιπεσεῖν
616 2385 696 2438 τὴν
720 2384 892 2441 Ῥώμην
934 2385 1037 2436 ω’ςτε
1066 2386 1172 2436 τοὺς
1203 2387 1250 2429 έν
1278 2390 1339 2445 τῷ
1365 2402 1416 2429 πε
1421 2391 1484 2438 ζο-

76 2441 242 2498 μαχεῖν
271 2436 476 2484 ἁπάντων
509 2435 761 2492 ανθρώπων
793 2444 1035 2492 δοκοῦντας
1062 2442 1302 2496 πρωτεύειν
1332 2444 1482 2498 μηκέτι

76 2500 255 2553 τολμᾶν
285 2498 331 2541 ἐκ
359 2501 440 2541 τοῦ
471 2501 708 2553 προχείρου
740 2501 1106 2554 συγκαταβαίνειν
1135 2502 1195 2550 εἰς
1225 2500 1479 2552 παράταξιν.
1512 2506 1566 2545 70

90 2555 160 2599 διὸ
195 2555 270 2599 καὶ
311 2554 472 2610 συνέβη
510 2555 588 2598 τὸν
624 2556 817 2611 πόλεμον
845 2555 1123 2610 μακρότατον
1162 2570 1242 2611 μεν
1279 2555 1484 2612 γενέσθαι

90 2615 182 2656 τῶν
220 2611 634 2683 μνημονευομένων,
679 2612 784 2662 τούς
823 2612 870 2656 δὲ
911 2629 1085 2667 αγωνας
1125 2618 1390 2681 μεταπεσεῖν
1420 2615 1484 2663 εἰς

77 2670 359 2724 ναυμαχίας,
411 2668 458 2710 ἐν
498 2665 566 2719 αἷς
611 2685 700 2711 των
736 2667 960 2724 Ρωμαίων
998 2671 1071 2713 καὶ
1111 2675 1201 2713 τῶν
1242 2667 1483 2740 συμμάχων

78 2726 398 2783 διεφθάρησαν
426 2728 535 2776 ναῦς
563 2729 862 2783 παμπληθεῖς,
901 2725 1059 2783 ἄνδρες
1089 2725 1134 2771 δ’
1165 2725 1248 2770 οὐκ
1278 2725 1485 2777 ἐλάττους

184 2851 263 2887 563.
289 2851 346 2887 46.
373 2847 530 2897 ἀγαθῶν
553 2851 670 2888 addidi
694 2863 735 2888 cx
759 2864 791 2897 p.
812 2851 891 2888 501.
918 2851 974 2889 33.
1128 2846 1427 2942 ὗῧᾶΧαρχηδόνι
1453 2850 1477 2879 V

1910 345 1950 387 Γ»
