1968 3346
252 253 260 262 “
310 259 610 302 EXCERPTA
639 259 927 302 VATICANA
955 261 1004 304 L.
1022 259 1232 304 XXXVII.
1241 261 1545 306 -xL.133

155 382 251 416 σαν.
274 349 641 442 προςαγαγόντες
671 368 757 426 γὰρ
788 369 917 441 ἐγγυς
942 375 1026 415 τοῦ
1054 372 1220 428 τείχους
1248 389 1354 424 τους
1382 376 1544 427 παῖδας

152 427 441 483 προςέταττον
468 431 561 478 τοῖς
590 426 859 513 μέλλουσιν
856 425 1132 482 τναιρεῖσθαι
1156 431 1330 474 δεῖσθαι
1350 435 1440 475 τῶν
1460 447 1542 475 πα-

152 487 294 554 τέρων
322 485 494 556 ἐλεῆσαι
508 500 628 554 vov39
661 486 704 535 εξ
741 488 889 528 αυτῶν
917 483 1155 555 γεγονότας
1184 486 1259 529 καὶ
1287 486 1365 539 τὰς
1391 493 1540 557 χεῖρας

151 543 214 592 είς
241 539 321 585 τόν
350 539 548 594 οὐρανόν
577 539 883 591 ἄνατείνοντας
915 541 1219 586 ἐπικαλεῖσθαι
1247 542 1327 585 τὸν
1358 543 1538 589 πάντων

147 598 381 669 ἐφορῶντα
409 596 488 640 τὸν
516 599 618 654 βίον
657 601 746 642 τῶν
776 595 1029 654 ἄνθρωπων
1064 598 1194 657 ἥλιον
1227 603 1368 644 σῶσαι
1396 602 1538 658 ψυχὰς
1565 607 1593 650 5

147 656 319 710 νηπίων
347 655 529 697 παίδων.

259 714 442 754 τοιαῦτα
470 710 555 765 γτὲρ
585 705 654 779 ἦν
681 707 832 761 αυτοῖς
861 727 915 753 τα
944 714 1023 780 τῆς
1051 714 1202 780 ψυχῆς
1220 711 1537 783 παραστήματα

143 765 256 811 κατα
285 784 392 818 τους
423 764 596 837 ἀγῶνας
618 765 722 817 ω’ςτε
743 769 959 824 μηδεμίαν
979 766 1233 838 ὑπερβολην
1255 768 1402 819 ἄλλοις
1427 769 1535 814 ὐπο-

144 825 387 893 λείπεσθαι
408 840 519 866 κατα
557 823 634 874 τὰς
671 827 760 866 τῶν
801 825 960 867 δεινῶν
987 823 1235 879 ὑπομονάς.
1286 829 1534 871 πολλαπλα-

143 882 253 923 σίων
283 879 329 923 δὲ
361 877 505 924 ὄντων
533 884 623 923 τῶν
653 879 1021 950 πολιορκούντων
1049 880 1100 924 τό
1131 885 1211 923 τοῦ
1241 880 1441 938 πλήθους
1471 884 1531 928 ἒλ-
1537 893 1589 933 10

141 936 284 988 λειπὲς
312 941 366 994 τῇ
395 941 472 995 τῆς
502 935 656 994 αρετῆς
685 934 909 994 υπερβολη
938 936 1344 994 προςανεπλήρουν.

255 1017 307 1058 Χ.
341 1015 441 1059 ’Ότι
479 1017 524 1064 οἱ
559 1032 640 1087 μεν
667 1014 906 1058 Ἰταλιωται
948 1015 1159 1068 πολλάκις
1193 1014 1306 1072 ὑπὲρ
1338 1021 1415 1073 τῆς
1442 1035 1533 1062 των

136 1072 362 1128 Ῥωμαίων
391 1069 624 1127 ἡγεμονίας
654 1088 770 1141 ηγων
774 1072 897 1126 ισμέν
901 1088 943 1115 οι
964 1077 1175 1128 λαμπρως
1202 1090 1297 1116 τοτε
1327 1075 1428 1128 περὶ
1454 1093 1532 1130 της

139 1131 256 1180 ἰδίας
285 1128 618 1178 κινδυνεύοντες
645 1128 946 1181 ὑπερέβαλλον
971 1134 1066 1180 ταῖς
1103 1130 1424 1198 ανδραγαθίαις
1452 1132 1530 1183 τοὶς

136 1183 525 1256 προγεγενημένας
542 1186 688 1236 νίκας,
727 1182 832 1228 οὐδὲ
857 1182 1067 1255 Ῥωμαῖοι
1105 1185 1217 1240 πρὸς
1245 1187 1349 1238 τοὺς
1378 1188 1585 1242 πρότε·15

137 1257 224 1297 ρον
252 1240 635 1310 υποτεταγμένους
669 1239 821 1292 αὐτοῖς
860 1239 1174 1299 ἀγωνιζόμενοι
1213 1245 1306 1288 δεῖν
1333 1243 1526 1301 ἡγοῦντο

136 1301 338 1397 mavia:
363 1296 1037 1425 τένδέῆτὲόανμωπτωνῆίῗςουοξρμησεν
1073 1355 1142 1399 ἐπὶ
1178 1355 1257 1399 τὸν
1298 1356 1527 1411 Κράσσον,

132 1409 464 1481 ὑπολαμβάνων
490 1408 728 1480 προςήκειν
746 1409 815 1481 μή
846 1428 952 1462 τους
974 1412 1165 1463 πολλοὺς
1188 1413 1299 1467 ὑπερ
1321 1419 1410 1457 τῶν
1432 1415 1525 1471 ἡγε-

133 1467 288 1523 μόνων
325 1464 436 1511 ἀλλὰ
472 1483 581 1519 τους
620 1466 840 1524 ἡγεμόνας
879 1467 989 1526 νπὲρ
1028 1473 1110 1514 τοῦ
1138 1469 1340 1526 πλήθους
1369 1473 1522 1528 διαγω-
1508 1484 1581 1524 -20

131 1540 177 1568 νι
203 1529 345 1568 εσθαι.

169 1525 202 1577 ‘g
235 1580 335 1623 ’Ότι
375 1580 420 1623 οἷ
452 1577 662 1636 Ῥωμαῖοι
706 1580 780 1624 καὶ
823 1582 867 1630 οἱ
900 1579 1139 1625 Ἰταλιωται
1181 1583 1282 1638 περὶ
1320 1587 1398 1640 τῆς
1432 1588 1524 1628 τῶν

131 1652 318 1692 καρπων
356 1640 625 1693 συγκομιδῆς
654 1635 939 1707 ἠγωνίζοντο.
987 1638 1226 1682 ἐπιθέσεων
1267 1639 1313 1684 δὲ
1349 1642 1523 1697 γενομέ-

64 1705 225 1741 122νων
253 1694 325 1738 καὶ
349 1698 616 1748 συμπλοκῶν
640 1692 1065 1764 ἆλληλοκτονοῦντες
1095 1695 1150 1738 οὐ
1179 1695 1384 1740 διέλιπον.
1414 1715 1522 1753 μετα

130 1755 277 1822 χεῖρας
296 1750 465 1806 ἔχοντες
486 1749 565 1794 τὸν
593 1750 882 1820 θεριζόμενον
912 1750 1077 1806 στάχυν
1106 1754 1377 1806 διεκρίνοντο
1409 1757 1576 1809 πρός25

129 1805 345 1877 ἀλλήλους
376 1808 524 1875 αι’ματι
552 1807 651 1862 περὶ
689 1811 764 1862 τῆς
803 1805 1044 1880 ἀναγκαίας
1055 1813 1254 1878 τροφῆς.
1297 1809 1443 1861 οὐδεὶς
1473 1812 1520 1855 δὲ

127 1862 307 1934 ἀνέμενε
336 1862 614 1932 παράκλησιν
643 1863 881 1933 ἡγεμόνος,
914 1863 1010 1906 αλλ’
1040 1864 1067 1920 ἡ
1100 1864 1234 1920 φύσις
1259 1865 1368 1922 αὐτὴ
1393 1884 1520 1922 προε-

125 1919 307 1974 τρέπετο
347 1918 461 1972 πρὸς
490 1919 573 1976 τήν
604 1919 742 1976 ἀλκήν
780 1920 1094 1990 προβάλλουσα
1127 1921 1208 1991 τήν
1244 1927 1320 1992 τῆς
1350 1925 1519 1976 ἐνδείας

126 1975 339 2046 ἀνάγκην.
381 1974 596 2030 ὑπέμενεν
637 1977 817 2027 ἕκαστος
857 1976 1056 2046 εὐψύχως
1095 1978 1176 2047 τήν
1215 1978 1288 2023 διὰ
1326 1980 1516 2053 σιδήρου

125 2032 364 2101 γινομένην
392 2036 475 2076 τοῦ
505 2035 610 2089 βίου
639 2033 953 2091 καταστροφὴν
979 2033 1135 2086 δεδιως
1163 2034 1241 2080 τὸν
1267 2036 1315 2080 ἐκ
1343 2042 1420 2094 τῆς
1449 2038 1511 2082 έν-
1516 2045 1572 2085 30

125 2091 245 2140 δείας
274 2088 486 2134 θάνατον.

238 2169 311 2210 XI.
347 2166 447 2211 ’Ὅτι
487 2165 513 2211 ὁ
554 2167 731 2222 Μαριος
771 2170 834 2221 εἰς
870 2168 950 2213 τὸν
981 2169 1156 2226 καμπον
1192 2169 1303 2216 καθ’
1344 2170 1514 2229 ἡμέραν

123 2225 316 2295 βαδίζων
355 2223 615 2293 ἐγυμνάζετο
661 2224 773 2279 πρὸς
817 2225 895 2277 τας
935 2227 982 2269 έν
1022 2231 1084 2283 τῷ
1124 2229 1299 2301 πολέμῳ
1340 2232 1511 2285 χρείας·

123 2279 304 2324 ε’σπευδε
340 2281 426 2337 γὰρ
463 2280 545 2339 τὴν
583 2286 666 2326 τοῦ
699 2281 846 2340 γήρως
884 2272 1121 2328 ἀσθένειαν
1156 2286 1231 2329 καὶ
1260 2274 1513 2344 βραδύτητοι

262 2404 340 2439 133.
366 2405 400 2440 7.
431 2405 589 2441 τοιαῦτα
614 2424 660 2432 -
694 2409 750 2444 11.
774 2405 1100 2455 προςανεπλήρουν
1129 2413 1423 2456 praecedentibus
1451 2425 1511 2448 an-

167 2450 278 2485 nectit
302 2451 359 2484 ed.
384 2452 485 2484 Rom.

260 2496 340 2530 133.
366 2498 399 2531 8
434 2493 715 2552 ὑπολείπεσθαι]
745 2500 908 2534 usitatius
935 2497 1220 2539 οἷπολείπεσθαι.

259 2542 340 2575 133
365 2540 423 2577 24.
458 2540 524 2578 ἄλλ
526 2545 825 2589 ηλοκτονοῦντες]
852 2543 1206 2592 ἀλληλοκτανοῦντες
1231 2549 1285 2586 ed.
1308 2551 1409 2584 Rom.

258 2588 339 2623 133-
366 2589 425 2623 30.
458 2588 670 2635 γινομένην]
695 2591 898 2638 γενομένην
923 2595 980 2629 ed.
1001 2597 1105 2630 Rom.

209 2698 371 2734 1361?
413 2700 647 2745 Lamponium
678 2702 768 2737 inter
797 2704 938 2740 italicos
970 2706 1093 2748 duces,
1128 2707 1179 2744 Μ.
1203 2707 1378 2742 Licinium
1402 2708 1507 2742 Cras-

119 2756 198 2779 sum
221 2745 311 2780 inter
344 2747 496 2780 consulis
529 2749 664 2782 romani
688 2750 826 2793 legatos
848 2756 978 2795 ponunt
1000 2753 1178 2796 Appianus
1199 2754 1283 2787 bell.
1309 2755 1375 2788 civ.
1393 2755 1421 2788 Ι.
1447 2754 1505 2788 4⁰.

120 2790 252 2834 auique
272 2791 446 2828 historici.
493 2792 593 2827 Nunc
615 2794 792 2839 singulare
816 2809 952 2841 quoque
975 2803 1150 2833 certamen
1174 2801 1303 2835 horum
1324 2800 1508 2844 cognosci-

120 2847 224 2877 mus;
259 2836 295 2870 in
319 2849 388 2881 quo
413 2843 528 2872 tamen
552 2841 697 2876 Crassus
720 2853 787 2875 non
810 2843 934 2887 periit.
958 2846 1017 2878 sed
1040 2845 1200 2880 incendio
1221 2850 1343 2892 postea
1365 2847 1507 2881 absum-

121 2886 200 2926 ptus
223 2883 311 2926 fuit,
333 2887 373 2920 ut
396 2885 446 2921 aiz
469 2885 656 2924 Frontinus
677 2889 949 2934 etratog.11.4.
976 2890 1032 2925 16.
1066 2891 1166 2927 MAI.
