1968 3346
376 211 675 259 EXCERPTA
705 209 992 253 VATchNA
1020 210 1069 251 L.
1093 207 1308 252 VIL-—X-
1476 212 1534 255 43

148 328 262 385 πρὸς
288 325 369 383 τήν
399 323 642 380 Εὐρωπην,
671 325 752 366 τοῦ
782 322 829 366 δὲ
836 322 1225 393 ἐπαγγειλαμένου
1241 324 1534 391 συμμαχῆσαι

27 397 29 399 ’
90 419 97 425 .
148 386 225 430 καὶ
255 386 546 454 σιταρχῆσαι,
570 382 611 424 εἴ
635 395 683 435 γε
711 378 794 436 τήν
822 378 1081 449 ἡγεμονίαν
1091 380 1173 423 εἴτε
1202 378 1282 433 τὴν
1310 381 1421 423 κατὰ
1449 386 1534 451 γῆν

148 444 232 486 εἴτε
261 439 341 497 την
358 437 469 484 κατὰ
485 437 708 481 θάλατταν
738 437 1022 491 παρέξουσιν,
1054 434 1081 491 ἡ
1113 435 1193 490 μὲν
1211 435 1322 490 ὑπὲρ
1347 442 1425 493 τῆς
1440 437 1534 494 ἦγε-

148 499 307 555 μονίας
323 495 554 565 φιλοδοξία
573 492 652 550 τήν
671 494 921 548 συμμαχίαν
943 491 1254 546 παρεκρούετο,
1276 495 1326 537 τό
1347 495 1393 538 δὲ
1394 498 1534 565 μέγε-

149 560 233 606 θος
260 558 338 610 τῆς
367 552 576 609 βοηθείας
604 550 678 593 καὶ
709 549 733 593 ὁ
761 553 850 603 τῷν
878 551 1098 604 πολεμίων
1127 547 1269 605 φόβος
1298 551 1532 609 προέτρεπε
1561 551 1589 595 5

149 613 416 679 μεταδοῦναι
444 611 520 676 τῇς
549 603 679 662 δόξης
707 610 769 663 τῷ
799 605 978 649 Γέλωνι.

257 664 290 738 ἡ
320 665 398 720 μὲν
425 664 510 719 γὰρ
540 667 629 706 τῶν
663 651 859 732 Περσῶν
877 660 1070 731 ὑπεροχὴ
1098 661 1209 715 πρὸς
1238 660 1288 732 τό
1318 667 1534 720 κρατῆσαι

148 727 225 779 τῆς
251 722 488 791 ἐπιθυμίας
506 720 589 775 ἔχει
617 720 694 771 τὰς
715 717 903 774 δωρεας,
916 717 960 789 ἡ
983 719 1029 761 δὲ
1049 719 1287 790 τυραννικὴ
1306 723 1533 775 πλεονεξία

147 780 222 824 καὶ
249 778 302 822 τοὶ
332 777 468 847 μικρὰ
491 781 582 820 τῶν
593 775 843 846 λημμάτων
873 773 928 819 οὐ
957 776 1180 830 παρίησιν.

261 833 522 904 βεβαιοτάτη
550 850 635 892 γαρ
664 837 740 903 τῆς
770 833 987 885 σωτηρίας
1017 831 1160 898 φύλαξ
1189 831 1218 902 ᾗ
1249 829 1436 876 απιστία.
1534 840 1589 881 10

260 893 411 942 παῖδες
429 891 508 946 μὲν
539 892 621 933 οὐν
650 888 934 959 αδικούμενοι
959 887 1071 941 πρὸς
1097 889 1286 943 πατέρας
1317 889 1534 947 καταφεύ-

147 960 301 1007 γουσι,
333 947 480 999 πόλεις
511 948 558 991 δὲ
585 946 694 1002 πρὸς
722 963 826 996 τους
856 943 1168 996 αποικίσαντας
1198 946 1375 1002 δήμους.

23 1012 28 1026 ἢ
92 1026 140 1066 4ο
250 1015 350 1059 ’Ότι
386 1030 607 1068 τυραννον
645 1016 869 1066 πλεονεξία
907 1018 1000 1064 τοῖς
1028 1013 1108 1068 μὲν
1140 1013 1419 1070 ὑπαρχουσιν
1448 1013 1532 1060 οὐκ

149 1071 358 1127 ἀρκεῖται,
388 1076 476 1115 τῶν
505 1070 552 1116 δὲ
574 1070 817 1126 ἀλλοτρίων
846 1070 1074 1127 ἐπιθυμεῖ,
1108 1076 1352 1129 πληροῦται
1382 1071 1429 1117 δὲ
1459 1070 1534 1116 οὐ·

148 1129 313 1174 δέποτε.
1534 1144 1588 1187 15

266 1194 383 1246 Τοὺς
412 1195 458 1239 δὲ
487 1211 598 1240 κατα
626 1199 704 1267 τῆς
721 1197 977 1247 δυναστείας
995 1195 1136 1240 αὐτοῦ
1152 1193 1406 1254 πεφυκότας
1425 1196 1532 1253 ἔχων

146 1253 307 1309 καιρὸν
337 1251 421 1297 οὐκ
452 1251 568 1297 ἐάσει
599 1252 789 1308 δύναμιν
817 1257 982 1310 λαβεῖν.

261 1335 310 1374 L.
347 1332 526 1375 ἐκείνων
553 1348 640 1400 γαρ
676 1335 766 1375 τῶν
803 1329 983 1387 ἀνδρῶν
1012 1331 1105 1376 ἐστε
1139 1329 1352 1401 απόγονοι
1382 1335 1426 1377 οι
1454 1349 1533 1384 τας

150 1389 298 1434 αὐτῶν
338 1387 494 1444 αρετὰς
538 1404 662 1456 μετα
686 1387 766 1431 τὸν
801 1388 1001 1433 θάνατον
1040 1387 1294 1440 αθανάτους
1334 1406 1394 1459 τῃ
1425 1388 1531 1460 δόξῃ

147 1448 494 1491 καταλελοίπασι.
524 1446 574 1488 τὸ
609 1443 693 1499 γὰρ
724 1445 918 1489 ἔπαθλον
952 1450 1029 1501 τῆς
1059 1447 1301 1501 συμμαχίας
1340 1443 1422 1489 οὐκ
1456 1463 1528 1499 αρ
1515 1452 1589 1492 -20

146 1502 308 1572 γύριον
337 1504 465 1553 αιτεῖ,
499 1502 554 1545 οὐ
582 1499 791 1553 πολλάκις
821 1504 929 1546 ἰδεῖν
959 1503 1047 1552 ἔστι
1067 1506 1436 1574 καταφρονοῦντα
1457 1503 1532 1545 καὶ

146 1559 228 1603 τόν
267 1557 548 1614 φαυλότατον
566 1557 765 1630 ἰδιώτην
801 1558 1158 1613 πεπλουτηκότα,
1209 1558 1306 1602 αλλ
1347 1559 1532 1602 ἔπαινον

148 1616 224 1660 καὶ
244 1615 399 1667 δόξαν,
429 1615 528 1669 περὶ
556 1616 607 1670 ῆς
639 1616 682 1657 οἱ
703 1615 866 1685 ἁγαθοὶ
889 1620 979 1658 τών
1002 1615 1252 1669 ανθρώπων
1275 1615 1357 1660 οὐκ
1376 1613 1532 1659 ὀκνοῦ-

150 1684 223 1716 σιν
253 1671 568 1728 αποθνήσκειν
608 1677 770 1740 μισθος
808 1689 893 1741 γαρ
924 1672 1041 1715 ἐστιν
1073 1672 1099 1728 ἡ
1132 1672 1238 1724 δόξα
1267 1674 1425 1741 μείζων
1455 1689 1532 1726 αρ-

149 1730 323 1799 γυρίου.
369 1727 765 1798 παραλαμβανουσι
798 1728 882 1784 γὰρ
922 1731 966 1771 οἱ
993 1733 1267 1784 Σπαρτιᾶται
1295 1745 1414 1783 παρα
1441 1734 1587 1777 τῶν25

148 1784 349 1843 πατέρων
379 1782 461 1841 οὐχ
489 1784 629 1840 ὥςπερ
655 1787 699 1829 οἱ
726 1787 875 1830 λοιποὶ.
902 1790 1116 1839 πλοῦτον,
1150 1785 1258 1830 ἀλλὰ
1287 1783 1532 1843 προθύμως

372 1900 406 1933 2.
447 1898 674 1942 σιταρχῆσαι]
701 1900 816 1956 aptius
842 1900 1070 1945 σιταρκῆσαι.

289 1944 345 1980 43.
372 1946 406 1979 3.
446 1945 688 1989 παρέξουσιν]
714 1945 920 1989 παρέξωσιν
942 1947 996 1981 ed.
1023 1950 1052 1982 Ρ
1055 1960 1123 1984 om.

371 1991 404 2026 5.
444 1992 520 2036 καὶ]
546 1994 670 2036 incipit
697 1993 828 2025 codicis
853 2006 886 2037 p.
907 1994 988 2027 280.

289 2037 345 2072 43.
370 2038 404 2072 5·
445 2036 657 2092 προέτρεπε]
682 2037 908 2093 προέτρεπεν
927 2041 981 2072 ed.
1008 2040 1108 2073 Rom.

288 2081 430 2119 43.1ο.
466 2081 955 2139 βεβαιοτάτη]βεβαιωτάτη
980 2086 1034 2120 ed.
1058 2088 1160 2120 Rom·

288 2129 428 2164 43.19.
461 2131 602 2172 αυτῶν]
626 2132 752 2165 αυτῶν
775 2133 830 2165 ed.
854 2134 956 2166 Rom.

289 2174 347 2215 43.
371 2176 428 2214 21.
460 2175 547 2222 ἔστι]
574 2175 672 2213 ἐστιν
696 2178 750 2213 ed.
763 2177 882 2213 Rom.

243 2287 358 2323 (13.6
390 2289 579 2334 Imperium
596 2293 712 2325 tamen
736 2290 922 2325 ambitioso
942 2290 1068 2324 Geloni
1084 2302 1106 2324 a
1126 2290 1271 2325 Graecis
1294 2300 1364 2324 non
1387 2291 1438 2323 est
1459 2292 1533 2324 tra-

151 2333 286 2375 ditum,
321 2338 405 2369 teste
427 2337 605 2370 Herodoto
622 2338 698 2372 v.11
721 2337 800 2371 159.
850 2338 896 2371 Et
925 2348 1007 2371 sane
1031 2342 1163 2371 constat
1185 2339 1355 2371 Gelonem
1381 2347 1447 2369 non
1471 2347 1532 2379 pu-

152 2381 295 2425 gnaviss
281 2392 316 2414 e
330 2387 451 2416 contra
465 2384 549 2416 Pers
552 2394 610 2422 οὓς
635 2384 739 2427 idque
755 2384 806 2416 ait
821 2384 926 2416 etiam
946 2384 1117 2417 Diodorus
1134 2389 1247 2416 noster
1266 2382 1326 2415 XI.
1350 2382 1406 2415 26.
1431 2383 1532 2417 MAI.

244 2426 300 2460 43.
324 2427 357 2460 9.
399 2429 522 2462 Denuo
545 2407 722 2463 solitariae
745 2430 936 2463 sententiae
958 2429 1037 2461 heic
1061 2436 1094 2463 cl:
1117 2442 1177 2473 po
1164 2435 1246 2464 tea.
1281 2429 1381 2461 MAl.

245 2472 649 2517 43.18.1120,quae
672 2480 880 2518 sequuntur,
916 2475 1107 2518 partic-uiae
1138 2476 1307 2518 abruptae
1330 2474 1403 2507 sine
1425 2473 1532 2507 dubio

152 2519 323 2562 portinent
346 2521 389 2553 ad
414 2520 633 2561 concionem,
663 2533 767 2564 quam
793 2532 814 2554 a
838 2521 992 2554 Diodoro
1013 2522 1177 2563 scriptam
1204 2533 1282 2554 cens
1268 2531 1346 2560 en,
1377 2524 1411 2553 et
1434 2520 1534 2553 cuins

152 2569 286 2598 certum
318 2565 485 2599 indicium
516 2566 575 2599 dat
608 2568 807 2600 Herodotus
826 2567 897 2600 ΠΙ.
931 2566 1010 2601 134.
1060 2567 1203 2602 Scilicet
1236 2577 1345 2610 quum
1378 2566 1413 2598 in
1445 2567 1533 2599 urbe

152 2612 281 2654 Sparta
304 2612 491 2654 placandus
514 2616 603 2646 esset
624 2613 836 2656 Talthybius
859 2613 961 2653 deus,
984 2613 1057 2646 sive
1080 2614 1204 2654 heros,
1229 2613 1289 2655 qui
1314 2612 1359 2643 ob
1382 2611 1534 2645 violatos

151 2658 340 2691 Persarum
365 2669 550 2700 praecones
570 2658 796 2699 irascebatur,
818 2659 998 2692 conciones
1013 2661 1198 2702 populures
1220 2657 1364 2691 habitae
1386 2657 1422 2690 in
1447 2660 1533 2691 urbo

155 2709 248 2744 sunt,
279 2705 436 2747 numquis
466 2704 758 2747 lacedaemonius,
796 2706 852 2747 (ut
873 2705 997 2738 diserte
1020 2705 1071 2738 ait
1092 2706 1305 2747 Herodotus)
1336 2704 1439 2739 vellet
1467 2716 1532 2747 pro

156 2752 287 2792 Sparta
310 2755 453 2787 mortem
476 2751 584 2791 obire,
607 2751 643 2784 id
668 2756 718 2784 est
742 2762 778 2784 sc
801 2752 894 2784 uitro
916 2752 1109 2790 devovere,
1136 2750 1320 2792 Persisque
1344 2751 1387 2783 ad
1410 2750 1533 2792 piacu-

155 2795 227 2828 lum
253 2797 481 2829 auserendum
515 2800 622 2830 semet
655 2797 812 2838 trudere3
851 2797 885 2830 id
910 2798 1001 2840 qnod
1033 2808 1152 2839 reapse
1181 2796 1432 2832 lacedaemonii
1462 2797 1532 2832 duo

152 2842 407 2884 praestiterunt.
443 2842 538 2878 MAI.
585 2844 637 2878 De
661 2843 794 2878 Gelono
816 2843 905 2878 haec
927 2842 996 2878 dici
1020 2843 1190 2879 videntur.
