1968 3346
1936 0 1949 225 *„--L--n..-⁴

390 176 475 218 186
530 174 831 218 EXGERPTA
859 175 931 218 DE
961 174 1114 218 VIRT.
1142 175 1220 217 ΕΤ
1249 174 1363 218 VIT.
1392 176 1439 218 L.
1457 175 1650 221 XXXIII.

391 301 561 358 ραννον
588 284 916 341 Ἀπολλόδωρον
942 284 1233 356 υπερβάλλειν
1246 283 1472 355 ὠμότητι.
1519 291 1782 345 παραλιπων

392 340 436 385 δ’
469 341 526 385 ἄν
554 358 620 393 τις
647 342 702 386 τὰ
730 345 864 388 λοιποὶ
899 348 977 400 τῆς
1012 344 1112 398 περὶ
1149 341 1286 386 αὐτόν
1322 347 1581 414 μιαιφονίας
1610 347 1653 399 ἐξ
1683 347 1783 399 ἑνὸς

307 398 363 441 35
392 403 486 441 τοῦ
481 397 737 469 μέλλοντος
773 400 978 472 λέγεσθαι
1016 397 1276 468 τεκμήραιτο
1311 401 1393 458 τήν
1427 399 1679 470 ὑπερβολὴν
1706 409 1783 459 τῆς

393 453 633 525 ω’μότητος.
680 456 835 527 γάμων
876 456 1105 513 ἀγομένων
1143 455 1287 513 τούτῳ
1327 457 1438 500 κατά
1476 475 1519 501 τι
1560 461 1782 530 Θρᾳκικόν

389 511 580 556 παλαιὸν
611 513 715 565 ἔθος
747 513 831 558 δύο
860 515 1123 563 νεανίσκους
1151 502 1365 584 ’Έλληνας
1403 514 1451 558 ἐκ
1479 519 1556 571 τῆς
1589 513 1780 560 Ατταλι-

387 572 469 625 κῆς
507 572 730 639 βασιλείας
765 570 874 614 καθ’
916 570 1176 624 ὁδοιπορίαν
1209 569 1518 642 συνήρπασεν,
1559 570 1782 642 ἀδελφούς

389 626 471 679 μὲν
499 625 801 697 ὑπάρχοντας,
839 630 894 686 τῇ
931 628 978 670 δὲ
1014 625 1248 685 εὐπρεπεία
1277 628 1552 697 διαφόρους,
1593 629 1673 672 τὸν
1701 630 1851 686 μὲν596

303 679 360 725 40
388 683 546 726 ἰὀυλον
574 684 846 755 κατάγοντα,
894 682 974 727 τὸν
1003 684 1051 727 δὲ
1078 682 1347 754 υπογραφήν
1376 685 1473 740 ἄρτι
1501 686 1784 742 λαμβάνοντα

385 738 548 811 ταύτης
583 745 659 811 τῆς
700 740 849 797 ἀκμῆς.
890 739 1076 791 τούτους
1105 738 1384 809 ἀμφοτέρους
1414 743 1687 794 καταστέψας
1721 745 1784 787 ἱε-

386 797 512 852 ρείου
540 797 708 852 τρόπον
737 798 946 854 εἰςήγαγε,
975 798 1051 841 καὶ
1079 796 1159 841 τόν
1186 797 1266 853 μὲν
1292 798 1508 853 νεώτερον
1527 801 1786 852 κατατείνας

384 853 561 909 μακρόν
589 854 664 899 δια
691 859 781 898 τῶν
809 855 1041 912 υπηρετῶν
1070 871 1131 905 ως
1161 854 1296 909 μέσον
1325 855 1577 907 διακόψων,
1607 855 1782 911 ἀνεφώ-

385 922 519 966 νησεν
548 911 606 963 ὡς
635 909 716 968 οὐχ
745 910 917 967 ὁμοίοις
947 913 1121 965 ἱερείοις
1151 913 1220 956 δεῖ
1245 915 1438 968 χρῆσθαι
1467 912 1574 964 τοὺς
1602 914 1781 965 ἰδιώτας

304 970 360 1015 45
390 968 466 1010 καὶ
499 967 607 1019 τούς
646 973 853 1038 βασιλεῖς.
896 971 1128 1019 κλαίοντος
1166 968 1213 1012 δὲ
1251 973 1332 1013 τοῦ
1367 969 1671 1025 πρεσβυτέρου
1708 972 1784 1014 καὶ

388 1023 667 1094 φιλάδελφον
695 1025 839 1078 πάθος
875 1027 1232 1082 προφαίνοντος,
1275 1043 1351 1069 και
1387 1026 1586 1077 τιθέντος
1621 1027 1783 1071 ἑαυτὸν

386 1079 479 1125 vad
508 1081 588 1125 τὸν
618 1084 827 1139 σίδηρον,
870 1083 1104 1137 προςέταξε
1132 1087 1226 1133 τοῖς
1253 1081 1496 1153 υπηρέταις
1520 1084 1595 1127 καὶ
1622 1088 1783 1128 τοῦτον

389 1136 555 1194 ὁμοίως
579 1144 717 1183 τεῖναι
746 1139 931 1211 μακρόν.
965 1138 1258 1192 διπλασιάζων
1280 1140 1326 1183 δὲ
1355 1140 1433 1193 τὴν
1463 1138 1679 1210 ωμότητα,
1708 1141 1784 1184 καὶ

303 1197 359 1243 50
388 1199 468 1265 μιᾷ
504 1200 650 1265 πληγῇ
688 1194 796 1242 καθ’
841 1197 1054 1252 ἑκατέρου
1091 1196 1385 1268 χρησάμενος,
1430 1198 1477 1241 ἐν
1515 1195 1784 1266 ἀμφοτέροις

388 1251 647 1322 εὕστόχησε,
697 1270 851 1298 παιανι
888 1271 980 1297 των
1027 1253 1262 1324 θεωμένων
1306 1254 1665 1322 ἐπισημηνάντων
1701 1254 1784 1311 τὴν

387 1308 682 1362 κατόρθωσιν
712 1311 851 1354 πολλοὶ
881 1312 928 1355 δε
957 1312 1031 1354 καὶ
1061 1309 1171 1354 αλλα
1184 1310 1439 1381 παράνομα
1468 1311 1683 1367 ἐποίησεν.

490 1365 588 1409 ΓΌτι
628 1366 652 1411 ὁ
682 1367 888 1418 ’Ἄτταλος
928 1366 1107 1411 ἀκούων
1144 1366 1224 1411 τόν
1269 1367 1485 1438 Διήγυλιν
1523 1368 1644 1421 παρὰ
1690 1371 1784 1418 τοῖς

300 1427 356 1471 55
385 1421 755 1492 υποτεταγμένοις
784 1426 1101 1494 διαβεβλῆσθαι
1139 1423 1213 1468 διά
1239 1440 1284 1468 τε
1314 1424 1395 1480 τὴν
1424 1427 1678 1476 πλεονεξίαν
1708 1425 1784 1468 καὶ

383 1481 465 1535 τὴν
492 1478 744 1550 ὑπερβολήν
767 1498 843 1538 της
873 1479 1112 1536 ωμότητος,
1142 1480 1326 1536 εζήλωσε
1345 1499 1427 1537 την
1450 1482 1655 1525 ἐναντίαν
1676 1497 1784 1551 προ-

385 1540 565 1590 αἵρεσιν.
608 1538 677 1582 διὸ
716 1539 790 1582 καὶ
827 1538 933 1589 τούς
973 1537 1291 1606 ἁλισκομένους
1325 1542 1416 1581 τῶν
1450 1542 1639 1594 Θρακῶν
1676 1536 1785 1582 ἀπο-

383 1593 506 1637 λύων
548 1610 654 1648 μετα
695 1596 1036 1667 φιλανθρωπίας
1082 1593 1278 1645 πολλους
1328 1595 1422 1665 ἔσχε
1461 1594 1659 1650 κήρυκας
1707 1598 1785 1649 τῆς

385 1651 501 1702 ἰδίας
543 1651 783 1703 ἐπιεικείας.
827 1651 854 1695 ἃ
884 1651 952 1721 δή
977 1651 1316 1721 πυνθανόμενος
1356 1650 1379 1694 ὁ
1410 1653 1649 1708 Διὴγυλις,
1693 1655 1784 1694 τῶν

300 1714 357 1755 60
387 1724 468 1763 μεν
487 1706 850 1776 ἀποχωρούντων
878 1707 982 1758 τοὺς
1011 1708 1202 1766 ὁμήρους
1232 1710 1397 1760 δειναῖς
1425 1709 1583 1765 ν’βρεσι
1612 1709 1686 1752 καὶ
1704 1724 1784 1751 πα-

383 1764 597 1834 ρανόμοις
628 1767 789 1816 αἰκίαις
819 1766 1125 1835 περιέβαλλεν,
1157 1767 1220 1808 ὠν
1249 1764 1366 1822 ἦσάν
1394 1782 1506 1817 τινες
1535 1769 1626 1809 τῶν
1656 1764 1784 1809 ἀσθε-

382 1820 603 1864 νεστάτων
630 1824 803 1865 παίδων
833 1821 979 1880 ἡλικία
1008 1823 1082 1865 καὶ
1113 1821 1257 1877 φύσει.
1299 1839 1373 1865 και
1411 1839 1496 1878 γαρ
1534 1821 1707 1866 τούτων
1738 1824 1785 1866 οἱ

381 1878 462 1933 μὲν
493 1880 872 1935 διαμεμελισμένοι
909 1897 962 1922 τα
1001 1879 1182 1949 σώματα
1219 1880 1450 1932 ποικίλως,
1488 1896 1532 1922 οι
1562 1879 1609 1922 δὲ
1647 1896 1782 1935 κεφα-

383 1934 462 1986 λὰς
498 1937 573 1978 καὶ
612 1941 758 2005 χεῖρας
794 1937 870 1980 καὶ
905 1936 1046 1987 πόδας
1080 1934 1381 1992 ἀφῃρημένοι·
1425 1936 1500 1979 καὶ
1537 1933 1709 1979 τούτων
1738 1937 1783 1979 οἰ

299 1996 355 2039 65
385 1993 465 2062 μὲν
494 1992 563 2036 ἐπὶ
594 1991 830 2046 σκόλοψιν,
872 1995 915 2037 οἱ
946 1994 992 2036 δὲ
1021 1993 1091 2036 ἐπὶ
1122 1994 1347 2046 δένδρεσιν
1378 1991 1635 2063 ἀνήρτηντο.
1697 1991 1782 2036 οὐκ

383 2047 533 2104 ὀλίγας
569 2051 615 2093 δὲ
652 2051 726 2093 καὶ
767 2067 857 2093 των
885 2054 1112 2105 γυναικῶν
1151 2048 1492 2117 ἀνεπτυγμένας
1516 2067 1570 2093 τα
1599 2048 1781 2106 ’σώματα

383 2106 493 2161 πρὸς
522 2105 656 2163 ὕβριν
684 2124 729 2150 τε
758 2110 815 2164 ἦν
845 2108 954 2150 ἰδειν
982 2106 1093 2160 πρός
1132 2112 1226 2157 ταῖς
1263 2111 1346 2149 τοῦ
1374 2105 1577 2150 θανάτου
1609 2118 1782 2176 συμφο-

383 2168 483 2217 ραῖς
512 2165 814 2219 προκειμένας,
842 2165 1054 2214 παντοίας
1078 2164 1296 2213 διαθέσεις
1321 2162 1532 2218 αἰσχύνης
1551 2164 1594 2214 ἐξ
1623 2180 1781 2218 υπερη-

386 2221 549 2275 φανίας
586 2221 824 2291 βαρβάρων
857 2220 1266 2276 συντετελεσμένας,
1311 2223 1356 2263 αἳ
1385 2225 1485 2270 τοῖς
1510 2219 1590 2276 μὲν
1619 2219 1781 2274 πράξα-

299 2282 357 2322 70
387 2288 460 2321 σιν
499 2276 721 2335 ὠμότητος
761 2276 1057 2335 ἀναισχύντου
1095 2280 1251 2334 δεῖγμα
1288 2276 1568 2333 προέκειντο,
1606 2281 1698 2320 τῶν
1732 2277 1781 2321 δὲ

1955 1696 1962 1911 n——--.-.*.-*A

380 2413 466 2447 hnic
498 2411 637 2452 ἐκέλευε
669 2415 730 2449 vel
760 2413 983 2459 προςέταττε
1014 2417 1133 2450 monet
1155 2413 1338 2449 Reiskius:
1380 2413 1447 2448 nisi
1470 2411 1602 2459 ἔφερεν
1625 2413 1779 2450 scriben-

380 2460 464 2494 dum
489 2466 542 2495 est

473 2518 555 2554 596.
578 2518 635 2552 43.
664 2515 810 2563 ὁμοίοις
832 2518 947 2553 Vs'ale
937 2531 1011 2557 nus,
1042 2514 1181 2562 ὁμοίως
1202 2517 1232 2549 V
1372 2517 1430 2550 49.
1473 2515 1650 2573 ἑκατέρου
1676 2517 1779 2550 {ale-

379 2564 473 2606 sius,
497 2562 624 2607 ἑτέρου
648 2566 678 2598 V
817 2564 875 2599 65.
912 2562 1183 2608 οἷνεπτυγμένας
1205 2563 1290 2596 Wes
1293 2564 1485 2608 selinghns,
1524 2560 1778 2606 ἆνεπυγμένας

381 2612 411 2644 V
550 2612 608 2645 67.
641 2616 721 2646 ante
751 2612 937 2650 παντοίας
959 2613 1122 2655 copulam
1146 2610 1243 2644 addit
1266 2610 1367 2643 Wes
1353 2610 1542 2655 selingius,
1580 2621 1686 2652 quam
1710 2621 1780 2655 ego

381 2655 464 2700 ποθ’
467 2657 650 2701 κειμέναις
678 2659 860 2698 παντοίας
883 2657 1038 2692 scribens
1069 2662 1146 2701 post
1176 2656 1268 2690 ἰδεῖν
1292 2656 1451 2693 desidero
1563 2656 1620 2690 69.
1644 2658 1779 2696 τοῖς-

378 2705 561 2747 πραξασιν
594 2704 868 2749 Weseelingffls,
905 2707 986 2744 ταῖς
1009 2724 1054 2729 --
1078 2701 1256 2748 πράξεσιν
1290 2702 1318 2737 V
1469 2702 1526 2739 w.
1561 2701 1777 2748 προέκειντο

383 2751 562 2794 Valesius,
586 2751 818 2796 προςέκειντο
844 2752 873 2787 V
