1968 3346
31 396 50 421 ᾶ-

433 218 733 265 ExcERPTA
759 216 956 264 1²110T11
986 218 1031 259 L.
1061 219 1150 262 XL,
1278 187 1287 193 ’
1426 223 1483 264 75

30 338 51 375 03
86 346 202 387 ρους
229 334 414 384 πωλεῖν,
445 330 564 382 ’ὅπως
590 330 649 387 μή
677 346 790 380 τινες
817 328 891 373 διὰ
918 332 1171 381 πλεονεξίαν
1200 329 1488 403 ἀγοράζοντες

81 388 196 439 τοὺς
235 389 424 458 κλήρους
463 388 697 443 έκθλίβωσι
744 385 848 437 τούς
889 385 1194 457 άπορωτέρους
1237 389 1311 430 καὶ
1351 406 1484 432 κατα·
1514 396 1567 436 65

80 442 359 498 σκευάζωσιν
370 443 683 514 ὀλιγανδρίαν.
719 448 1028 513 τεκνοτροφεῖν
1067 459 1111 486 τε
1140 442 1351 498 ἠνάγκαζε
1378 445 1485 496 τούς

92 501 164 546 ἐπὶ
203 506 278 556 τῆς
319 500 483 572 χώρας·
524 501 597 546 καὶ
637 498 695 543 δι’
735 498 882 570 ὀλίγης
919 499 1128 568 δαπάνης
1154 500 1485 556 ἐκτρεφομένων

92 562 184 602 τῶν
213 560 402 628 βρεφῶν
420 557 488 601 οἷει
515 557 565 600 τὸ
594 557 720 612 γένος
748 561 838 600 τῶν
851 555 1074 600 Ἰουδαίων
1102 553 1266 626 ὑπῆρχε
1298 558 1486 601 πολυάν-

78 620 291 685 θρωπον.
334 615 408 662 καὶ
447 613 501 656 τὰ
540 614 640 666 περὶ
675 612 780 665 τούς
816 610 983 669 γάμους
1024 613 1071 656 δὲ
1099 612 1173 656 καὶ
1202 613 1278 663 τὰς
1305 618 1395 657 τῶν
1423 631 1484 657 τε-
1514 621 1570 660 70

79 669 348 719 λευτσόντων
376 668 520 739 ταφάς
548 670 660 714 πολὺ
689 668 738 712 τὸ
768 670 1129 741 παρηλλαγμένον
1168 669 1280 737 ε’χειν
1311 669 1486 726 ἐποίησε

75 726 260 798 νόμιμα
295 726 405 782 πρὸς
440 725 494 771 τὰ
539 730 629 770 τῶν
666 724 812 770 α’λλων
857 724 1123 779 ἀνθρώπων.
1163 724 1277 769 κατὰ
1324 727 1370 769 δὲ
1411 727 1488 778 τὰς

81 784 280 838 ’ὕστερον
315 783 551 855 γενομένας
586 782 856 836 ἐπικρατείας
893 783 939 826 έκ
979 786 1056 833 τῆς
1094 798 1183 825 των
1219 781 1487 838 αλλοφύλων

93 840 307 892 ἐπιμιξίας
343 839 413 883 ἐπί
450 855 495 882 τε
540 843 616 895 τῆς
660 856 749 882 των
789 843 975 893 Περσων
1014 838 1250 908 ἡγεμονίας
1288 840 1362 882 καὶ
1397 844 1488 882 τῶν

76 896 258 950 ταύτην
295 895 636 940 καταλυσάντων
673 896 952 940 Μακεδόνων
990 895 1132 942 πολλα
1169 900 1260 940 τῶν
1288 898 1486 951 πατρίων
1516 903 1569 943 75

90 956 185 1004 τοῖς
211 952 442 1004 Ἰουδαίοις
468 954 667 1025 νομίμων
693 951 888 1023 ἐκινήθη.

208 1008 335 1056 Οὕτω
364 1011 443 1065 μὲν
472 1008 703 1054 κανταῦθά
733 1021 855 1082 φησι
869 1008 968 1064 περὶ
993 1010 1083 1052 τῶν
1111 1023 1230 1061 παρα
1262 1009 1491 1060 Ἰουδαίοις

92 1064 214 1109 ἐθῶν
250 1082 296 1109 τε
326 1067 399 1112 καὶ
435 1069 657 1122 νομίμων,
687 1068 760 1110 καὶ
800 1065 947 1110 αὐτῶν
977 1065 1155 1109 ἐκείνων
1183 1069 1259 1121 τῆς
1290 1066 1334 1118 ἐξ
1360 1065 1492 1137 Αἰγύ-

92 1137 209 1166 πτου
229 1119 481 1195 ἀπαλλαγῆς
498 1123 572 1167 καὶ
589 1126 671 1166 τοῦ
690 1124 819 1166 θείου
839 1122 1089 1174 Μωυσέως,
1122 1125 1407 1192 ψευδολογεῖν
1435 1139 1490 1166 τα

92 1182 298 1231 πλεῖστα,
335 1180 410 1224 καὶ
451 1180 728 1234 διερχόμενος
764 1179 875 1233 πρός
903 1196 1007 1230 τους
1037 1179 1236 1235 ἐλέγχους
1262 1179 1396 1222 πάλιν
1427 1182 1491 1223 ὠν

93 1235 390 1288 κατεψεύσατο
420 1240 496 1307 τῇς
524 1235 753 1293 ἀληθείας,
795 1235 1076 1307 ἀναχώρησιν
1106 1236 1248 1292 ἑαυτῷ
1278 1238 1492 1306 μεθοδευ-

96 1290 305 1348 σάμενος,
338 1294 397 1344 εἷς
425 1293 575 1346 ἕτερον
603 1294 676 1337 καὶ
704 1297 790 1337 νῦν
812 1293 1024 1349 ἀναφέρει
1042 1296 1131 1335 τῶν
1152 1293 1392 1364 εἰρημένων
1411 1309 1493 1348 την

95 1350 409 1404 παριστορίαν·
438 1348 586 1406 ἐπάγει
613 1349 718 1405 γάρ,
758 1351 858 1405 περὶ
887 1351 967 1406 μὲν
995 1353 1085 1394 τῶν
1117 1348 1347 1394 Ἰουδαίων
1372 1348 1492 1394 Ἑκα-

95 1410 218 1457 ταῖος
247 1405 272 1450 ὁ
301 1406 524 1468 Μιλήσιος
552 1410 691 1451 ταῦτα
720 1406 964 1465 ἱστόρηκεν.

35 1542 43 1549 ·
96 1531 156 1566 71.
180 1529 273 1575 ἔχειν
297 1543 367 1566 om.
392 1531 424 1566 A
585 1531 643 1566 72.
666 1530 879 1588 γενομένας]
905 1529 1132 1592 ἐγνωσμένοις
1154 1532 1186 1565 Β
1345 1531 1403 1566 73.
1430 1529 1493 1568 ἐπί

34 1599 42 1606 ·
96 1589 136 1612 τε
158 1580 225 1623 τῆς
245 1579 447 1614 Bekkerus.
470 1577 554 1614 libri
576 1576 636 1615 ἐπὶ
659 1577 837 1625 τετάρτης
984 1578 1042 1614 75.
1064 1575 1274 1623 Ἰουδαίοις]
1298 1575 1491 1618 Ἰουδαίων

98 1624 211 1662 Amst.
