1968 3346
421 221 476 260 16
644 213 940 256 EXCERPTA
968 213 1254 255 VATICANA
1290 215 1340 254 L.>
1361 213 1453 255 VII.
1463 238 1518 245 —-

421 325 571 383 βάρων
604 323 789 395 οἷρῤήτῳ
815 327 1026 394 συμφορᾷ
1046 324 1381 377 περιπίπτοντας
1398 324 1456 380 μὴ
1483 324 1701 370 δύνωνται
1719 330 1799 384 βο·-

419 388 567 439 ηθεῖν,
600 381 708 424 ἄλλα
738 379 815 432 τοὶς
845 380 1013 424 ἑαυτῶν
1040 378 1197 430 πολιάς
1225 380 1549 436 σπαράσσοντες
1575 381 1688 438 πρὸς
1714 401 1800 428 κω-

420 440 513 496 φήν
543 438 791 492 ὀδύρωνται
819 436 972 492 τύχην,-

534 504 801 548 XV11.'On
830 507 1021 558 Κροῖσος
1049 502 1074 547 ὁ
1104 505 1266 547 Λυδῶν
1295 502 1499 560 βασιλευς
1524 505 1709 573 μεγάλας
1737 523 1801 550 κε-

392 563 633 619 5κτημὲνος
655 559 861 616 δυνάμεις
882 560 1024 603 πολὺν
1047 560 1093 603 ἐκ
1120 564 1401 615 παρασκευῆς
1432 562 1712 630 σεσωρευκως
1728 561 1800 617 ἄρ

418 620 559 689 γυρόν
582 634 627 661 τε
656 617 730 662 καὶ
758 617 923 672 χρυσὸν
952 615 1237 671 μετεπέμπετο
1257 621 1345 660 τῶν
1362 615 1579 685 Ελλήνων
1607 618 1712 668 τοὺς
1732 630 1802 662 σο-

420 677 671 746 φωτοὲτους,
700 675 775 719 καὶ
798 674 1120 743 συνδιατρίβων
1141 672 1291 724 αὐτοῖς
1322 673 1428 728 μετὰ
1448 678 1624 717 πολλων
1631 674 1801 744 δώρων

420 733 627 787 ἐξέπεμψε
664 731 737 774 καὶ
768 728 901 780 αὐτὸς
939 729 1050 784 πρὸς
1080 728 1236 784 ἀρετὴν
1267 728 1463 797 ωςοὲλητο
1500 729 1653 774 πολλα.
1695 732 1800 775 ποτὲ

421 791 468 833 δὲ
505 788 676 832 τούτων
721 787 1104 856 μεταπεμψαμενος
1140 786 1215 829 καὶ
1252 803 1327 836 τας
1366 785 1575 856 δυνάμεις
1611 787 1684 831 καὶ
1722 788 1800 831 τὸν

366 850 615 893 1Οπλοῦτον
635 842 953 912 ἐπιδειξάμενος
981 840 1208 911 ἠρώτησεν
1238 844 1278 885 εἴ
1299 859 1364 893 τις
1391 842 1539 897 ἕτερος
1559 842 1698 889 αὐτοῦ
1728 847 1799 889 δο·

420 908 491 947 κεῖ
524 899 852 969 μακαριώτερος
886 915 1011 942 ειναι.
1057 896 1081 941 ὁ
1124 899 1169 942 δὲ
1207 898 1367 942 Σόλων
1398 904 1451 956 τῇ
1484 900 1672 970 συνήθει
1708 907 1800 953 τοῖς

421 958 688 1031 φιλοσόφοις
716 955 1008 1026 χρησάμενος
1015 955 1260 1026 παῤῥησίᾳ
1273 956 1357 1026 ἔφη
1386 955 1551 1012 μηδένα
1579 974 1667 1000 των
1697 958 1800 1011 ζών

419 1033 508 1058 των
539 1020 650 1058 εἰναι
680 1026 920 1069 μακαριον·
961 1006 1040 1054 τὸν
1069 1029 1151 1081 γαρ
1189 1010 1260 1055 ἐπ’
1295 1011 1556 1069 εὐδαιμονία
1583 1030 1802 1085 πεφρονη-

422 1070 686 1140 ματισμένον
718 1087 791 1113 και
829 1071 1048 1112 δοκοῦντα
1077 1068 1158 1123 τήν
1195 1067 1329 1124 τύχην
1360 1069 1470 1124 ε’χειν
1489 1071 1714 1140 συνεργόν
1743 1070 1801 1128 μή

368 1128 655 1186 15γινώσκειν
681 1128 716 1169 εί
738 1127 932 1181 διαμενεῖ
957 1123 1051 1195 μετ’
1082 1124 1221 1168 αὐτοῦ
1240 1126 1364 1180 μέχρι
1386 1143 1462 1181 της
1484 1125 1672 1183 ἐσχάτης.
1702 1139 1802 1171 σκο-

421 1191 520 1230 πεῖν
560 1186 642 1228 οὐν
685 1183 842 1251 εφησε
857 1184 950 1225 δεῖν
986 1180 1066 1237 την
1105 1185 1186 1224 τοῦ
1229 1183 1331 1248 βίου
1372 1187 1461 1225 τελε
1446 1185 1573 1238 ευτὴν
1612 1186 1686 1228 καὶ
1724 1184 1803 1227 τὸν

423 1240 765 1309 διευτυχήσαντα
793 1236 889 1282 τότε
925 1237 1228 1293 προςηκόντως
1248 1238 1398 1305 λέγειν
1426 1256 1658 1308 μακαριον.
1699 1239 1722 1284 6
1754 1241 1801 1283 δὲ

421 1303 617 1352 Κροῖσος
645 1296 830 1362 ὕστερον
862 1294 1097 1350 γενόμενος
1128 1292 1395 1348 αἰχμαλωτος
1422 1294 1507 1338 ὑπὸ
1540 1296 1696 1351 Κύρου
1728 1293 1803 1340 καὶ

421 1356 590 1424 μέλλων
621 1353 688 1396 ἐπὶ
718 1349 878 1421 μεγάλη
898 1354 1017 1407 πυρᾷ
1039 1351 1352 1393 κατακαίεσθαι
1368 1351 1445 1407 τῆς
1468 1349 1672 1403 Σόλωνος
1699 1369 1802 1396 απο-

364 1410 597 1466 ῼΟφάσεως
627 1408 960 1477 ἐμνημόνευσεν.
995 1394 1068 1449 διὸ
1099 1407 1173 1450 καὶ
1211 1423 1290 1449 τον
1322 1408 1462 1461 πυρὸς
1490 1407 1574 1477 ἤδη
1603 1410 1804 1464 περιφλέ-

420 1484 577 1523 γοντος
615 1464 779 1535 ανεβόα
812 1467 1000 1532 συνεχῶς
1035 1462 1085 1506 τό
1126 1466 1209 1506 τοῦ
1245 1462 1452 1515 Σόλωνος
1488 1464 1642 1519 ὄνομα.
1692 1465 1715 1510 ὁ
1755 1466 1803 1510 δὲ

420 1527 574 1580 Κῦρος
601 1520 883 1591 προςπέμψας
912 1519 1017 1570 τούς
1046 1518 1328 1589 πυθομένους
1356 1521 1420 1570 τίς
1448 1521 1475 1577 ἡ
1506 1522 1688 1593 συνεχής
1714 1523 1802 1566 εστι

420 1585 501 1624 τοῦ
531 1579 741 1630 Σόλωνος
782 1576 1031 1650 ὀνομασία,
1057 1577 1216 1648 μαθων
1253 1575 1439 1632 τοῖληθες
1477 1578 1675 1631 μετέπεσε
1711 1584 1803 1631 τοῖς

421 1641 643 1697 λογισμοῖς
673 1636 747 1679 καὶ
776 1636 957 1703 νομίσας
986 1632 1067 1688 τὴν
1094 1631 1328 1686 απόκρισιν
1354 1638 1434 1675 τοῦ
1464 1632 1673 1686 Σόλωνος
1682 1632 1803 1704 ἀλη-

363 1694 556 1763 25θινὴν
593 1698 706 1737 είναι
743 1696 818 1746 τῆς
856 1707 934 1746 μεν
970 1689 1297 1759 ὑπερηφανείας
1327 1706 1451 1733 επανι
1443 1691 1606 1742 ’στατο,
1645 1690 1725 1761 τὴν
1756 1692 1803 1736 δὲ

419 1766 570 1804 πυραν
599 1749 868 1804 κατασβέσας
898 1748 1031 1790 εσωσε
1059 1747 1138 1790 τόν
1159 1750 1358 1803 Κροῖσον
1377 1746 1452 1790 καὶ
1474 1747 1523 1791 τό
1546 1747 1701 1792 λοιπὸν
1725 1749 1803 1792 ε’να
1939 1731 1944 1783 Ι

420 1825 510 1851 των
540 1808 683 1860 φίλων
713 1806 1050 1874 κατηρίθμησεν.
1939 1810 1943 1826 ¹

532 1864 631 1906 Ότι
660 1861 683 1905 6
716 1861 874 1905 Σόλων
903 1859 1046 1929 ἡγεῖτο
1077 1857 1180 1910 τοὺς
1209 1876 1287 1915 μεν
1316 1855 1484 1911 πύκτας
1513 1860 1588 1903 καὶ
1610 1862 1802 1928 σταδιεῖς
1934 1893 1937 1940 3

420 1921 497 1965 καὶ
526 1920 631 1971 τοὺς
661 1917 819 1968 ἄλλους
849 1915 1044 1973 ἀθλητὰς
1067 1917 1202 1972 μηδὲν
1225 1915 1454 1972 αξιόλογον
1475 1911 1801 1973 σνμβαλλεσθαι
1814 1925 1856 1960 15

561 2059 616 2092 16.
641 2058 673 2090 8.
713 2055 767 2097 ἐξε
763 2055 906 2098 πεμψε]
931 2053 1108 2096 ἐξέπεμψε
1111 2066 1131 2087 ν
1157 2055 1211 2088 ed.
1236 2056 1336 2087 Rom.

562 2105 615 2138 16.
642 2103 674 2136 8.
704 2099 885 2145 ωφέλητο]
915 2102 1000 2134 Cod.
1021 2098 1216 2144 ὦφέλοιτο.
1241 2102 1337 2133 MAI.
1363 2099 1423 2144 qui
1443 2094 1542 2133 dedit
1557 2096 1716 2143 ὦφέλετο
1738 2106 1798 2144 t)-

464 2150 632 2195 pothetae
650 2150 776 2201 opinor
794 2149 906 2191 culpa

559 2196 612 2229 16.
642 2195 696 2227 10.
728 2189 929 2236 ἠρώτησεν]
952 2188 1138 2235 ἧρώτηκεν
1163 2191 1216 2224 ed
1242 2192 1343 2225 Rom.

558 2242 612 2274 16
641 2240 694 2274 15.
731 2238 906 2281 διαμενεῖ]
935 2237 1097 2280 διαμένει
1118 2239 1171 2271 ed.
1191 2238 1290 2269 Rom.
1313 2243 1348 2269 et
1366 2248 1447 2271 mox
1470 2233 1616 2281 ἔφησεν.

558 2286 612 2320 16.
637 2286 694 2319 22.
728 2282 983 2326 πυθομένους]
1008 2285 1113 2317 immo
1136 2280 1397 2325 πευσομένους.

562 2005 616 2046 16.
625 2011 657 2045 5.
680 2006 926 2052 σεσωρευκώς]
940 2003 1151 2051 σεσωρηκώς
1162 2009 1215 2041 ed.
1228 2007 1332 2042 Rom.
1357 2004 1478 2042 Malim
1490 2006 1800 2043 ειίειιιικαὶπολνν.
1935 1961 1943 2330 ι

560 2334 614 2366 16.
639 2333 698 2366 26.
729 2329 851 2372 εσωσε]
876 2331 1002 2375 incipit
1027 2330 1159 2364 codicis
1182 2342 1217 2373 p·
1236 2328 1317 2363 346.

511 2421 568 2456 16.
592 2421 626 2455 3.
668 2423 713 2455 Es
717 2425 728 2455 t
750 2422 839 2455 haec
861 2419 1039 2454 concionis
1067 2420 1224 2453 incertae
1246 2416 1444 2464 particula,
1473 2426 1579 2464 quam
1603 2418 1801 2463 eclogarius

422 2476 509 2513 prae
532 2467 654 2501 cetenis
676 2463 874 2500 adamatam
898 2461 1054 2500 retflnuit.
1085 2462 1124 2498 M
1128 2462 1185 2499 AI.

512 2513 567 2548 16.
592 2513 623 2547 8.
663 2514 837 2546 Diodorus
860 2513 943 2546 dum
966 2513 1055 2545 haec
1077 2523 1167 2554 quae
1198 2514 1389 2557 sequuntur
1412 2509 1455 2544 de
1477 2509 1557 2544 V.II
1586 2504 1800 2554 sapientibus

420 2563 455 2593 et
479 2560 521 2592 de
545 2561 671 2593 Croeso
703 2559 868 2593 scaberet
898 2558 1047 2601 respexit
1079 2558 1122 2590 ad
1145 2553 1365 2591 Herodotum
1384 2556 1493 2591 1.29
1512 2569 1585 2600 sqq.
1625 2557 1743 2599 Neque
1761 2556 1798 2588 id

420 2606 569 2645 mir-3u1n
595 2616 700 2647 quum
725 2605 790 2638 sibi
813 2604 974 2637 videlicet
993 2603 1167 2637 Diodorus
1184 2603 1433 2637 bibliothecam
1457 2615 1500 2637 ex
1522 2601 1629 2636 variis
1651 2602 1797 2645 scripto—

419 2652 518 2685 ribus
550 2651 825 2693 componendam
852 2649 1078 2703 proposuerit.
1127 2649 1213 2691 Quis
1237 2660 1318 2682 vero
1342 2649 1450 2683 nescit
1479 2649 1515 2682 in
1537 2649 1641 2682 rebus
1663 2658 1799 2691 quoque

423 2697 615 2741 aegyptiis,
638 2707 722 2739 quas
745 2691 836 2729 libro
859 2696 972 2748 primo
996 2696 1068 2729 late
1087 2695 1207 2728 scribit
1223 2696 1413 2737 Dffidorus,
1437 2695 1654 2729 Herodotum
1674 2694 1797 2727 ducem

423 2754 458 2775 cs
461 2754 496 2775 se
519 2742 728 2785 sequutum?
765 2737 972 2784 Cetcroqum
995 2745 1029 2774 et
1051 2741 1129 2773 heic
1153 2745 1187 2775 et
1211 2738 1297 2774 alibi
1321 2752 1531 2796 magnopere
1554 2741 1599 2774 ab
1619 2740 1797 2772 Herodoto

421 2788 595 2821 Diodorus
626 2787 754 2822 differt
811 2788 1018 2821 Confmatur
1046 2788 1152 2820 ctiam
1183 2788 1391 2824 Plutarchus
1423 2784 1458 2822 ἰιι
1492 2787 1619 2822 Solone
1641 2784 1795 2827 XXVII.

422 2834 483 2878 qui
507 2833 660 2870 vicissim
683 2834 875 2871 Diodorum
898 2830 1038 2878 expilat.
1068 2834 1167 2869 MAI.
