1968 3346
427 248 726 292 EXCERPTA
756 245 1041 288 VATICANA
1069 244 1117 284 L.
1141 241 1274 284 XXV.
1488 245 1545 284 63

103 375 148 409 56
159 364 254 422 βῶν
282 361 585 432 προςήλωσεν,
614 375 719 410 ωςτε
748 360 896 402 δοκεῖν
924 355 1004 426 τὴν
1031 355 1167 410 τύχην
1191 356 1330 410 ωςπερ
1352 355 1544 411 ἐπίτηδες

158 421 341 472 ἐναλλάξ
369 436 447 470 τας
467 417 694 487 εὐημερίας
723 416 799 459 καὶ
827 431 904 465 τας
923 412 1053 469 ἥττας
1072 412 1309 469 ἀπονέμειν
1331 418 1425 463 τοῖς
1445 413 1544 467 περὶ

158 494 241 535 την
270 476 566 545 ἀνθρωπίνην
585 472 722 529 φύσιν
750 470 1023 540 ήσεβηκόσιν.

259 534 358 578 (Ότι
389 532 480 576 δύω
510 529 656 582 πόλεις
687 527 899 599 οὐδεμίαν
923 524 1132 583 ἀφορμὴν
1163 521 1282 580 εἶχον
1309 524 1421 579 πρός
1450 524 1542 568 διά-

161 596 291 635 λυσιν
320 588 393 634 δια
422 589 470 632 τό
501 587 559 644 μὴ
598 584 958 630 καταλελοιπέναι
988 585 1141 637 σφίσιν
1171 583 1273 640 ἐλέῳ
1309 582 1415 638 μηδὲ
1445 595 1544 653 συγ-
1573 579 1601 620 5

157 646 311 718 γνώμῃ
341 645 480 689 τόπον
509 643 607 688 τινα
633 661 743 687 κατα
762 660 839 693 τας
858 640 1030 695 πρώτας
1049 627 1263 709 ἐπιβολάς.
1295 639 1411 683 οὕτω
1432 657 1545 683 κατα

157 704 236 755 τὰς
266 703 491 773 ἁμαρτίας
505 700 697 758 μεγάλην
728 701 810 756 ἔχει
841 696 1064 752 διαφοραν
1082 694 1110 752 ἡ
1139 695 1367 754 μετριότης
1392 698 1466 740 καὶ
1493 696 1543 741 τὸ

157 761 292 819 μηδεν
319 758 429 814 ὑπερ
463 758 704 814 ἄνθρωπον
734 755 1014 813 ἐπιτηδεύειν.

262 843 311 882 11.
349 839 452 884 Ὀτι
484 856 527 882 οι
555 854 635 894 μεν
664 837 820 880 Κελτοὶ
857 840 948 885 τοῖς
984 832 1198 889 πλήθεσιν
1226 830 1348 884 ὄντες
1377 835 1543 876 πολλα-

156 897 337 942 πλασιοι
373 897 446 941 καὶ
475 892 931 950 πεφρονηματισμένοι
958 895 1020 949 τῷ
1048 890 1207 946 θράσει
1235 892 1309 933 καὶ
1338 895 1431 941 ταῖς
1460 888 1600 959 oiri-10

155 960 255 1006 καῖς
286 952 736 1023 καταπεφρονηκότως
774 937 1112 1022 διηγωνίζόντο,
1154 949 1199 991 οἱ
1236 947 1282 990 δε
1323 948 1423 1001 περὶ
1462 947 1543 990 τόν

156 1010 339 1067 Βαρκαν
377 1008 426 1054 τὸ
464 1013 542 1052 τοῦ
581 1007 781 1064 πλήθους
819 1005 1001 1056 ἐλλειπὲς
1038 1010 1132 1055 ταῖς
1162 1005 1404 1059 ἐμπειρίαις
1433 1003 1542 1047 ἐπει-

158 1073 304 1124 ρῶντο
336 1066 685 1122 διορθώσασθαι.
731 1066 773 1107 οἱ
810 1080 889 1118 μεν
918 1066 1000 1107 οὐν
1027 1066 1162 1105 πᾶσιν
1194 1062 1349 1113 ἔδοξαν
1380 1059 1541 1116 ἐμφρό-

156 1142 245 1176 νως
273 1141 370 1178 περι
400 1123 569 1167 τούτων
599 1124 942 1194 βεβουλεῦσθαι,
973 1117 1000 1178 ἡ
1024 1119 1070 1163 δὲ
1087 1119 1192 1174 τύχη
1221 1117 1330 1172 παρ’
1363 1117 1542 1169 ἐλπίδας

155 1181 394 1253 ἓβράβευσε
413 1197 492 1231 τας
510 1179 686 1249 πραξεις
716 1178 790 1221 καὶ
818 1176 868 1221 τὸ
900 1179 1065 1221 δοκοῦν
1088 1175 1311 1220 ἀδύνατον
1335 1192 1447 1219 ειναι
1466 1176 1598 1221 καὶ15

154 1238 442 1283 ἐπικίνδυνον
472 1234 730 1291 παραδόξως
758 1233 1065 1289 κατώρθωσεν.

257 1296 358 1339 Ὀτι
385 1292 652 1367 Ἀσδρούβας
689 1291 846 1348 μαθὼν
887 1289 1246 1360 πρακτικωτὲραν
1285 1282 1427 1333 οὖσαν
1465 1292 1542 1345 τῆς

154 1353 255 1409 βίας
282 1352 362 1408 τήν
391 1351 624 1395 ἐπιείκειαν
650 1349 884 1420 προέκρινε
913 1365 992 1404 την
1020 1346 1199 1404 εἰρήνην
1222 1350 1306 1391 τοῦ
1334 1346 1540 1402 πολέμου.

269 1409 339 1454 διὸ
380 1412 501 1452 πᾶσα
541 1406 671 1459 πόλις
708 1405 776 1450 ἀει
813 1423 867 1450 τα
904 1405 1289 1462 παραγγελλόμενα
1325 1408 1542 1461 φιλοπευ-

290 1513 349 1548 63.
373 1513 408 1547 2.
447 1508 615 1555 ἐναλλὰξ]
642 1508 796 1553 ἐνάλλαξ
819 1513 874 1545 ed.
898 1511 1001 1546 Rom.

291 1560 350 1594 63.
372 1561 405 1594 6.
441 1557 570 1614 τόπον]
596 1555 738 1613 τρόπον
761 1560 816 1591 ed.
838 1561 939 1592 Rom.

294 1606 351 1640 63.
376 1608 410 1640 6.
440 1603 548 1648 κατα]
576 1606 702 1649 incipit
727 1605 858 1638 codicis
885 1618 918 1648 p.
937 1603 1017 1639 219.

289 1652 429 1687 63.1o.
460 1651 524 1686 καὶ
546 1648 945 1696 πεφρονηματισμένοι]
975 1645 1459 1694 καταπεφρονηματισμὲνοι
1482 1649 1539 1684 ed.

198 1697 350 1780 Rome&
375 1744 431 1780 15.
465 1741 677 1791 ἑβράβευσε]
703 1741 924 1790 ἐβράβευσεν
948 1744 1004 1778 ed.
1031 1744 1132 1777 Rom.

243 1835 302 1870 63.
328 1835 363 1870 1.
394 1836 568 1881 Polyb&
592 1835 649 1870 86.
680 1836 778 1870 MAI.

244 1881 303 1918 63.
326 1881 360 1916 3.
392 1883 513 1918 Variat
535 1881 672 1925 verbis,
696 1893 765 1916 non
788 1881 975 1922 sententia,
999 1880 1170 1925 Polybius
1192 1881 1261 1914 loc.
1288 1879 1345 1915 cit.
1381 1878 1481 1914 MAI.

243 1927 301 1962 63.
325 1927 358 1962 4.
394 1930 498 1963 Utica
521 1934 556 1963 et
574 1930 694 1973 Hippo
717 1929 792 1972 (vel
816 1927 930 1972 potius
947 1907 1169 1972 Hippagreta
1185 1928 1327 1960 Diodor.
1346 1927 1477 1972 fragm·
1503 1937 1539 1971 p.

151 1971 233 2009 567.
275 1975 402 2019 Polyb.
421 1976 448 2009 1.
483 1976 548 2018 70)
582 1976 720 2009 veniam
751 1975 969 2017 desperantes
1000 1979 1087 2008 teste
1119 1973 1314 2017 Polybiol.
1339 1973 1407 2016 88,
1442 1974 1540 2007 cuius

151 2020 232 2054 heic
263 2032 401 2065 quoque
432 2022 624 2067 plagiarius
656 2022 830 2055 Diodorus
863 2025 924 2054 est.
979 2020 1051 2054 Nec
1084 2024 1200 2053 tamen
1230 2020 1413 2064 quisquam
1445 2024 1540 2064 putet

150 2066 342 2111 Polybium
366 2068 480 2111 potius
503 2079 609 2112 quam
631 2068 826 2102 Diodorum
848 2077 1031 2100 occurrere
1054 2066 1088 2100 in
1113 2068 1182 2100 hac
1201 2068 1302 2100 vatic.
1323 2068 1539 2108 membrana,

151 2116 188 2147 et
209 2124 267 2146 me
288 2114 361 2148 labi
385 2126 522 2156 errore,
548 2115 631 2148 dum
650 2115 800 2148 alterum
815 2124 970 2167 suppono
993 2114 1106 2148 alteri.
1138 2113 1297 2167 Namque
1319 2113 1398 2147 heic
1417 2124 1541 2147 revera

150 2159 292 2203 excerpi
316 2160 530 2202 Diodorum,
563 2165 612 2195 tes
607 2161 659 2194 tis
682 2164 733 2194 est
756 2164 829 2193 tum
855 2158 1034 2192 universus
1058 2159 1257 2203 quaternio.
1284 2164 1357 2193 tum
1382 2160 1541 2193 nomina—

150 2204 214 2239 tim
238 2206 389 2241 materia
421 2208 574 2252 paginae
604 2208 785 2250 utriusque
808 2205 877 2240 129
900 2211 934 2239 et
959 2206 1049 2248 130,
1084 2205 1210 2249 quibus
1239 2206 1274 2238 in
1300 2206 1438 2251 paginis
1462 2210 1541 2239 sunt

149 2255 264 2293 partes
288 2253 432 2287 Diodori
457 2265 525 2288 non
548 2254 698 2295 dubiae,
730 2258 768 2286 ut
792 2253 854 2286 illa
877 2264 918 2285 ex
942 2252 1120 2296 Epicuro,
1155 2256 1193 2286 ut
1226 2252 1316 2286 aliae
1340 2264 1429 2296 quae
1450 2252 1540 2286 iam—

150 2296 212 2330 diu
234 2298 271 2331 in
294 2300 501 2357 fragmentis
524 2300 672 2334 Diodori
704 2299 805 2334 editis
829 2303 957 2332 extant.
1006 2301 1051 2333 Et
1082 2299 1222 2342 quidem
1253 2304 1433 2342 postrema
1464 2311 1540 2332 sen-

150 2342 280 2423 ffilxia,
311 2346 356 2379 ab
382 2345 481 2381 ον’τω
507 2347 551 2381 ad
576 2344 774 2393 ἐπιβολὰς,
806 2350 858 2380 est
884 2345 975 2389 apud
1000 2346 1143 2380 Diodor.
1167 2345 1299 2390 fragm.
1324 2347 1377 2381 ed.
1401 2358 1435 2390 1).
1459 2346 1540 2379 510.

244 2433 573 2483 63.16.1nteuige
595 2438 722 2473 bella'
711 2450 748 2472 m
771 2437 945 2482 Hispania
967 2439 1012 2473 ab
1032 2438 1238 2472 Hamilcare
1254 2439 1370 2472 Barca
1388 2437 1537 2471 feliciter

151 2480 334 2522 confecta,
370 2494 438 2516 non
472 2486 587 2518 solum
617 2490 741 2519 contra
763 2485 882 2518 Iberos
913 2496 1037 2518 verum
1071 2486 1176 2519 etiam
1201 2486 1295 2518 cont
1295 2496 1325 2518 a
1349 2485 1536 2518 Gallorum

149 2527 276 2560 «lucem
298 2528 516 2571 lstolatium3
548 2543 638 2574 quae
661 2531 853 2575 congestim
883 2537 1071 2565 narrantur
1100 2533 1136 2565 in
1159 2530 1305 2565 Diodori
1328 2530 1538 2576 fragmentis

150 2573 254 2607 editis
278 2574 338 2607 lib.
360 2575 473 2610 XXV.
498 2577 631 2620 p.,510
651 2590 725 2621 sqq.
767 2577 863 2610 MAI.

242 2620 299 2654 63.
324 2620 380 2655 18.
423 2623 646 2665 Hasdrubal,
679 2622 895 2658 Hamilcaris
923 2623 960 2657 in
992 2623 1141 2668 imperio
1173 2634 1369 2663 successor,
1401 2622 1536 2665 Hispa-

41 2638 46 2750 Ι
150 2664 246 2699 niam
270 2667 419 2710 pacifice
442 2669 581 2703 demum
605 2671 727 2704 tenuit.
775 2668 876 2702 Diod.
906 2671 1034 2715 fragm
1059 2673 1100 2704 ed
1135 2671 1195 2704 lib
1216 2670 1327 2704 XXV.
1354 2668 1434 2704 511.
1472 2669 1534 2702 Vel

148 2711 359 2767 intelligitur
389 2715 519 2749 deditio
543 2716 776 2750 Numidarum
808 2714 844 2749 in
868 2715 987 2750 Afric-a
1018 2717 1285 2755 rebellantium,
1318 2716 1443 2758 quibus
1470 2716 1534 2748 sub

43 2762 46 2808 ξ
146 2756 271 2838 ffilim
294 2759 410 2794 missis
433 2762 588 2805 pepercit
611 2762 825 2797 Hasdrubal.
859 2763 1003 2799 Diodor.
1027 2764 1156 2809 fragm.
1181 2763 1241 2799 lib.
1264 2743 1374 2796 XXV.
1399 2775 1432 2806 p.
1454 2761 1534 2797 510.

43 2831 47 2865 ι
239 2850 297 2886 63.
322 2851 379 2886 19.
413 2853 538 2888 Utrum
560 2854 750 2899 Carthago,
774 2865 863 2898 pace
885 2855 1064 2890 numidica
1079 2856 1231 2890 nondum
1253 2855 1458 2901 composita,
1480 2855 1533 2889 in-

43 2886 47 2928 Ι
146 2895 337 2943 telligenda
360 2899 429 2942 sit,
453 2910 499 2936 an
521 2901 594 2936 alia
617 2901 763 2946 quaevis
787 2901 933 2944 civitas,
959 2914 1026 2937 non
1050 2903 1180 2940 divino.
1212 2902 1312 2938 MAI.
