1968 3346
376 179 459 220 122
486 175 787 219 EXGERPTA
815 176 1103 220 VATchNA
1130 178 1178 220 L.
1196 177 1654 223 XXXIV.—-XXXVI.

477 287 578 330 ’Ὅτι
609 285 632 330 ὁ
665 286 998 338 Φλάκκος..
1040 288 1204 345 ἔφυγεν
1234 322 1243 333 .
1277 322 1287 331 .
1318 322 1328 332 .
1369 288 1628 345 ἀνδράποδα
1657 323 1670 336 .
1700 325 1714 338 .
1745 327 1756 338 .

378 346 447 399 [m
474 346 689 416 margine
717 345 816 399 περὶ
846 345 1120 398 Κορδίσκων]
1153 377 1164 387 .
1240 350 1391 390 .σθαι
1426 351 1501 402 τῆς

478 400 587 443 (Ότι
617 432 627 442 .
661 432 672 443 .
705 431 716 442 .
747 402 845 470 τὴν
853 400 1022 456 Ρώμην
1052 402 1299 456 ἐπικρατεῖν
1330 436 1338 445 .
1372 434 1381 443 .
1458 404 1566 447 ‘'Ou
1591 422 1620 466 η
1649 404 1759 475 φρό-

375 469 500 513 νησις
541 488 552 498 .
586 488 598 499 .
631 488 642 498 .
679 461 754 513 τῆς
788 457 923 526 τύχης
962 489 970 496 .
1045 462 1171 509 ..λώς
1212 490 1224 503 .
1256 489 1268 501 .
1301 491 1312 504 .
1342 434 1552 511 πολλάκις
1590 465 1618 518 ὴ
1658 461 1760 505 ταύ-

347 518 400 561 5τ
402 530 491 570 η.ς
564 546 573 555 .
602 513 679 564 τὰς
709 512 918 557 ἁπάντων
945 514 1160 565 ἐλπίδας.

477 569 581 613 ’Ότι
611 568 635 612 ὁ
665 571 870 625 βασιλευς
897 574 984 613 τῶν
1013 569 1242 625 Νομάδων
1268 570 1494 643 Ἰογόρθας
1522 571 1762 628 θαυμάσας

373 643 456 682 την
491 625 799 682 ἀνδραγαθίαν
835 632 925 671 τῶν
958 625 1181 683 Ῥωμαίων
1222 660 1231 671 .
1264 661 1273 671 .
1303 661 1313 672 .
1346 628 1495 673 αὐτῶν
1532 630 1763 682 ἐπαινέσας

374 683 426 726 ἐν
455 688 515 740 τῷ
547 717 556 725 .
587 717 597 726 .
629 716 639 725 .
673 716 681 725 .

490 744 636 789 ψιλοῖς
656 739 913 809 οἷπεφῄνατο
943 738 1056 784 διότι
1085 739 1262 793 τούτοις
1290 740 1522 798 λόγοις..
1553 773 1563 784 .
1588 742 1659 786 ἐπὶ
1688 741 1762 799 δια

321 794 540 853 1Οταύτης
567 801 645 852 τῆς
673 796 883 853 Λιβύης.

489 877 669 918 XVI..
745 866 1037 945 ,Κάρβωνος
1075 875 1150 920 καὶ
1187 879 1407 920 Σιλανοῦ
1453 877 1673 922 τοσούτου
1716 877 1764 921 δὲ

376 931 578 989 πλήθους
612 929 893 989 ἀνῃρημένου
924 934 968 977 οἱ
995 932 1075 988 μὲν
1098 931 1228 986 υἱονς
1250 935 1293 978 οι
1323 933 1370 979 δὲ
1399 931 1662 991 ἅδελφοῦς’
1644 933 1761 980 επέν·
1767 945 1831 982 111

518 1047 656 1081 122.1.
687 1043 759 1090 ὅτι]
784 1047 909 1090 incipit
934 1049 1119 1093 codicisp
1120 1049 1232 1084 353.

519 1093 679 1128 122.11.
712 1090 932 1139 Κάρβωνος]
957 1096 1083 1140 incipit
1107 1096 1241 1130 codicis
1265 1107 1289 1140 p
1321 1092 1402 1129 245.

546 1193 608 1229 ..1
643 1193 789 1227 Diodori
813 1193 975 1228 Vaticani
997 1195 1179 1238 quaternio
1210 1195 1358 1229 ultimus
1379 1194 1642 1228 incommodam
1670 1194 1770 1228 lacu·
1806 1208 1811 1223 :

379 1250 465 1274 nam
487 1240 589 1272 nobis
612 1241 773 1281 exhibet3
797 1251 880 1272 nam
897 1240 975 1273 folii
993 1241 1113 1274 extimi
1136 1241 1234 1284 prior
1250 1252 1331 1284 pars
1345 1266 1354 1282 ‚
1378 1240 1516 1293 paginis
1533 1241 1667 1274 duabus
1682 1239 1766 1276 353.

380 1285 461 1320 354.
487 1290 666 1327 constans,
698 1285 749 1319 ita
772 1286 972 1319 oblitterata
995 1291 1066 1329 est,
1100 1286 1198 1320 utin
1230 1293 1326 1321 recta
1358 1286 1489 1331 pagina
1521 1296 1636 1329 pauca
1659 1286 1769 1320 verba

379 1331 456 1376 legi
488 1330 641 1375 possint,
676 1331 713 1364 iu
747 1342 871 1365 aversa
901 1332 991 1365 nihil
1021 1333 1175 1367 omnino.
1221 1332 1400 1367 Posterior
1430 1330 1507 1365 folii
1538 1343 1619 1375 pars
1651 1324 1769 1374 periit,

380 1378 465 1422 quia
487 1378 614 1411 avulsa
637 1377 723 1411 olim
746 1377 813 1411 fuit
846 1378 891 1412 ab
915 1389 957 1411 eo
975 1379 1038 1420 qui
1054 1379 1209 1413 codicem
1236 1378 1439 1422 rescripsit3
1471 1377 1620 1421 ideoque
1642 1377 1770 1411 folium

378 1435 451 1458 non
475 1434 538 1466 par
561 1424 620 1456 sed
644 1423 846 1458 solitarium
868 1424 1006 1458 mansit.
1055 1425 1155 1468 Ergo
1179 1429 1217 1459 ut
1241 1425 1284 1457 de
1315 1427 1416 1468 parte
1439 1424 1558 1468 priore
1581 1428 1770 1466 utcumque

379 1469 565 1513 superstite
586 1470 733 1513 loquar,
765 1469 802 1503 id
828 1469 903 1504 sine
926 1470 1034 1503 dubio
1058 1471 1193 1504 folium⁴
1207 1471 1251 1504 ad
1274 1471 1369 1504 hunc
1392 1475 1607 1514 postremum
1629 1473 1769 1513 quater-

379 1515 522 1550 nionem
544 1515 709 1558 pertinet,
733 1519 838 1559 atque
861 1515 936 1549 eius
959 1516 1108 1550 materia
1132 1516 1274 1550 omnino
1296 1516 1478 1551 interiacet
1501 1516 1590 1549 inter
1613 1515 1770 1550 Alexan-

380 1561 438 1595 dri
459 1561 615 1595 Zabinae
646 1562 781 1596 obitum
807 1565 843 1596 et
866 1562 1035 1596 Carbonis
1064 1568 1170 1606 atque
1194 1562 1309 1596 Silani
1332 1567 1514 1596 cruentum
1536 1561 1768 1596 consulatum.

379 1608 473 1643 Nam
496 1607 639 1648 Flacci,
671 1609 747 1641 sive
779 1607 808 1642 is
844 1607 1004 1642 Valerius
1035 1613 1087 1642 est
1117 1609 1194 1642 sive
1216 1608 1386 1649 Fulvius,
1419 1613 1454 1642 et
1484 1619 1541 1642 res
1564 1607 1770 1652 Iugurthae,

379 1665 472 1698 quae
495 1653 531 1687 in
554 1655 636 1694 frag
622 1661 755 1687 rmento
774 1657 979 1694 occurrunt,
1007 1654 1042 1687 in
1067 1655 1102 1687 id
1122 1658 1259 1697 tempus
1275 1655 1445 1688 incidunt.

475 1700 565 1753 Ibid3
598 1700 769 1743 Equidem
791 1701 821 1734 si
845 1699 966 1744 agitur
989 1701 1031 1733 de
1049 1701 1078 1732 14
1081 1701 1177 1734 ιι1ιίο
1193 1702 1341 1742 Flacco,
1366 1700 1395 1733 is
1419 1700 1454 1732 in
1479 1699 1660 1732 officinam
1681 1699 1772 1740 fuga

380 1745 563 1789 elapsus‚’
553 1757 648 1779 iussu
666 1746 799 1789 Opimii
815 1746 965 1780 consulis
984 1746 1187 1781 interfectus
1203 1746 1281 1781 fuit.
1313 1745 1464 1790 Appian.
1485 1746 1554 1779 bel.
1574 1744 1642 1781 civ,
1663 1745 1690 1778 1.
1710 1744 1771 1784 26.

380 1792 446 1826 Sin
477 1792 520 1824 de
549 1792 691 1825 Valerio
715 1794 862 1835 Flacco,
895 1792 925 1825 is
957 1803 979 1825 a
1004 1792 1162 1826 Fimbria
1193 1792 1326 1835 pariter
1357 1791 1491 1826 occisus
1519 1790 1556 1824 in
1579 1790 1663 1824 Asia
1692 1789 1771 1832 fuit,

381 1842 469 1872 teste
492 1838 677 1871 Paterculo
696 1838 741 1871 ΙΙ.
775 1839 842 1879 23,
872 1849 940 1880 quo
964 1838 1000 1870 in
1033 1839 1110 1871 loco
1138 1839 1343 1872 Paterculus
1374 1839 1417 1871 de
1441 1836 1612 1871 Curbonis
1634 1847 1772 1880 quoque

384 1884 567 1917 consulatu
589 1884 762 1926 loquitur,
789 1885 849 1928 qui
871 1895 952 1917 mox
975 1884 1011 1917 in
1034 1884 1206 1918 vaticanis
1228 1884 1400 1927 excerptis
1424 1883 1586 1917 occurrit.
1624 1882 1724 1917 MAI.

477 1930 558 1963 122.
581 1930 616 1964 2.
651 1930 804 1964 Brevem
827 1940 1023 1965 sermonem
1055 1931 1097 1963 de
1122 1930 1296 1964 Cordiscis
1319 1929 1422 1984 (sive.
1433 1928 1641 1972 Scordiscis)
1664 1928 1772 1961 fuisse

383 1974 421 2009 in
455 1976 526 2009 hac
559 1976 693 2021 pagina
727 1988 750 2010 a
781 1988 816 2010 v.
840 1977 874 2011 6.
910 1976 955 2009 ad
988 1976 1045 2010 10.
1087 1976 1187 2011 docet
1218 1987 1280 2010 nos
1319 1975 1498 2020 inscriptio
1529 1975 1567 2008 in
1597 1974 1771 2018 margine,

383 2033 492 2064 quum
516 2024 631 2054 tamen
654 2022 726 2065 ipse
747 2026 864 2057 textus
886 2022 959 2066 legi
982 2026 1141 2065 nequeat.
1189 2023 1276 2056 Erat
1302 2026 1421 2056 autem
1443 2031 1569 2055 revera
1590 2020 1650 2053 hic
1673 2021 1772 2053 locus

382 2068 547 2110 loquendi
572 2068 615 2100 de
637 2068 852 2110 Scordiscis,
886 2071 1008 2102 contra
1032 2080 1118 2111 quos
1140 2069 1247 2112 paulo
1271 2072 1350 2101 ante
1372 2071 1571 2110 susceptum
1593 2065 1771 2110 iugurthi-

383 2123 470 2147 num
496 2114 627 2146 bellum
650 2115 804 2148 Romani
829 2115 963 2148 malam
981 2125 1138 2157 pugnam
1156 2117 1398 2158 pugnaverunt
1415 2123 1504 2146 anno
1522 2111 1618 2144 urbis
1633 2111 1769 2146 DCXL.

383 2159 513 2193 'Florus
534 2159 597 2193 111.
617 2159 665 2193 4:
689 2161 889 2193 Saevissimi
912 2162 1060 2193 omnium
1088 2161 1261 2192 OEhracum
1285 2159 1455 2192 Scordisci
1468 2160 1573 2200 suere
1591 2159 1656 2189 etc.
1700 2157 1773 2189 Fu-

384 2215 443 2238 sus
462 2216 532 2237 ηοη
553 2205 653 2238 modo
671 2206 714 2238 ab
735 2206 788 2238 his
806 2211 840 2240 et
854 2210 1022 2251 jugatus,
1045 2206 1106 2239 sed
1128 2211 1221 2240 totus
1242 2205 1451 2250 interceptus
1471 2203 1649 2244 exercitus,
1671 2213 1772 2246 quem

385 2250 534 2285 duxerat
562 2251 793 2286 Gat0.MA1.

481 2296 560 2329 122.
585 2296 619 2330 6.
653 2295 859 2341 Ἰογόρθας]
883 2297 936 2330 lta
957 2295 1121 2330 scribitur
1138 2307 1202 2339 per
1227 2309 1267 2336 ο,
1291 2306 1359 2329 ιιοιι
1383 2306 1444 2339 per
1468 2307 1535 2337 ου,
1558 2305 1684 2329 nomen
1701 2294 1772 2327 hoc

385 2342 479 2385 apud
504 2343 697 2375 Diodorum
720 2343 826 2376 etiam
854 2344 889 2375 in
921 2344 1051 2386 fragm.
1084 2343 1137 2375 ed.
1163 2354 1193 2384 p.
1212 2341 1292 2375 604.
1317 2341 1414 2382 605,
1447 2342 1509 2384 qui
1530 2342 1627 2375 loeus
1657 2341 1771 2374 editus

386 2392 481 2421 extat
513 2392 590 2431 post
612 2389 799 2422 Alexandri
823 2389 978 2424 Zabinae
1009 2400 1084 2430 res,
1114 2387 1165 2422 uti
1196 2388 1302 2421 etiam
1326 2387 1362 2420 in
1394 2387 1564 2421 vaticanis
1589 2386 1770 2428 excerptis.

386 2434 505 2478 Quare
525 2433 678 2467 vaticani
694 2435 770 2467 folii
785 2435 960 2478 ριῃοριὶιιιιι
976 2434 1054 2467 heic
1067 2445 1142 2468 esse
1152 2434 1270 2466 sedem
1282 2439 1377 2468 certo
1391 2432 1651 2476 cognoscimus.
1670 2432 1770 2466 MAI.

480 2479 558 2512 122.
584 2480 639 2513 11.
677 2481 884 2515 Consulatus
908 2480 1077 2514 Carbonis
1107 2490 1187 2512 cum
1212 2479 1333 2513 Silano
1362 2479 1527 2513 scribitur
1558 2478 1652 2521 apud
1681 2477 1771 2511 anti-

385 2537 495 2568 quum
529 2526 753 2578 interpretem
788 2527 964 2560 Ciceronis
994 2537 1015 2559 a
1046 2537 1103 2559 me
1126 2526 1319 2559 Mediolani
1349 2525 1482 2558 editum
1505 2524 1541 2558 in
1565 2523 1771 2567 prohoemio

386 2571 431 2605 ad
462 2571 655 2604 orationem
678 2572 790 2605 'lullii
814 2584 876 2616 pro
900 2572 1007 2605 Archi
999 2583 1043 2605 ’τι
1091 2573 1230 2604 Iamver
1233 2582 1253 2604 o
1276 2571 1435 2605 Silanum
1467 2570 1676 2604 credendum
1698 2579 1773 2602 esse

386 2616 573 2651 suffectum
599 2619 777 2651 consulem
800 2629 891 2651 anno
922 2619 1018 2651 urbis
1043 2619 1223 2657 lichx,
1256 2629 1320 2670 pos
1306 2622 1336 2650 t
1359 2617 1490 2649 Cinnae
1521 2615 1671 2649 consulis
1693 2626 1773 2648 cae-

387 2662 491 2704 dem,
519 2663 652 2697 erudite
676 2664 761 2696 olim
785 2676 842 2697 me
865 2665 1074 2697 admonebat
1098 2664 1151 2696 sir
1175 2662 1265 2697 clari
1288 2663 1324 2696 in
1347 2662 1473 2696 litto-is
1496 2661 1657 2695 nominis.
1702 2660 1771 2693 Sed

387 2719 468 2741 ecce
502 2710 617 2741 obstat
649 2709 688 2742 Ρ
681 2711 853 2744 munius
877 2711 920 2744 ll.
945 2710 1010 2750 24,
1046 2709 1105 2754 qui
1136 2713 1277 2742 narrata
1310 2709 1440 2741 Cinnae
1472 2707 1624 2740 consulis
1656 2707 1771 2745 caede,

389 2754 518 2790 diserte
542 2754 656 2787 addit.
704 2757 835 2797 Car,bo
869 2757 962 2789 nullo
985 2757 1069 2798 suffe
1065 2760 1125 2787 ·cto
1150 2756 1305 2799 col!ega,
1336 2756 1426 2787 solus
1452 2759 1521 2787 toto
1545 2763 1635 2786 αηιιο
1658 2753 1773 2785 consue

387 2801 469 2842 fuit.
517 2799 587 2836 scd
610 2812 697 2845 pace
721 2802 920 2844 PatercuH,
943 2800 1055 2836 Siluu
1078 2803 1171 2836 certe
1193 2801 1389 2835 consulatus
1413 2800 1449 2834 in
1474 2800 1581 2835 fastos
1602 2797 1770 2842 recipien-
