1968 3346
339 649 838 713 EXGERPTA
888 648 1375 711 VATICANA

703 798 751 840 L.
791 798 883 840 Vll.
901 798 1023 838 —X.

59 926 97 958 P.
111 919 203 960 edJ
246 888 380 963 “On
402 919 663 973 τηλικοῦτον
681 915 780 970 περὶ
808 913 887 957 τόν
915 917 1181 970 Λυκοῦργον
1207 917 1263 971 ἡν
1291 918 1369 971 τῆς
1399 914 1554 973 οέρετῆς

66 970 92 1005 ¹³¹
99 983 164 1003 ⁰¹¹¹·
157 978 217 1022 “56
249 981 432 1048 μέγεθος
463 977 568 1027 ω’ςτε
597 975 977 1045 παραγενηθέντος
998 976 1059 1027 εἰς
1080 976 1285 1032 Δελφοὺς
1303 976 1443 1020 αὐτοῦ
1471 977 1553 1035 την

170 1039 352 1080 Πυθίαν
382 1033 746 1089 ἀποφθέγξασθαι
776 1031 855 1087 ἔπη
880 1029 997 1082 τάδε,

253 1103 373 1159 ἥκεις
403 1103 437 1144 ὠ
467 1099 695 1155 Λυκόοργε
726 1098 831 1170 ἐμὸν
858 1099 961 1141 ποτὶ
990 1100 1125 1142 πίονα
1153 1097 1287 1171 νηόν,

252 1160 357 1215 Ζηνὶ
391 1159 519 1212 φίλος
548 1157 622 1199 καὶ
651 1159 787 1199 πᾶσιν
812 1153 1032 1210 Ὀλύμπια
1050 1153 1228 1225 δώματ’
1261 1157 1420 1213 ἔχουσι.

252 1219 357 1270 δίζω
386 1214 415 1271 ἦ
445 1225 490 1257 σε
519 1213 630 1256 θεὸν
658 1211 954 1280 μαντεύσομαι
983 1212 1013 1268 ἢ
1043 1212 1308 1271 ἄνθρωπον·

251 1271 353 1316 ἀλλ’
383 1273 445 1316 ἔτι
473 1270 546 1314 καὶ
574 1273 740 1326 μᾶλλον
767 1267 877 1312 θεὸν
906 1269 1112 1326 ἔλπομαι,
1145 1272 1180 1312 ὠ
1209 1269 1449 1327 Λυκόοργε

310 1377 340 1410 1.
365 1374 398 1409 4.
435 1370 630 1418 Λυκόεργε]
667 1373 753 1406 cod.
777 1372 968 1428 Λυκοῦργε
999 1373 1078 1406 heic
1102 1380 1138 1406 et
1161 1373 1265 1407 infra.
1293 1375 1388 1408 MAI
1436 1377 1553 1416 Quum

214 1423 325 1457 codex
359 1419 548 1455 Vaticanus
583 1421 625 1453 ab
659 1420 774 1452 verbis
806 1416 861 1453 5't'
897 1420 1025 1464 οἴομαι
1048 1419 1186 1452 demum
1222 1420 1391 1464 incipiat,
1426 1423 1553 1456 mirum

214 1469 389 1513 quomodo
423 1468 491 1500 hoc
523 1474 624 1500 versu
645 1465 834 1519 Avnoiipys
866 1466 1038 1509 praebere
1063 1464 1201 1500 dicatur
1226 1463 1356 1500 editori
1381 1468 1552 1502 Romano.

212 1515 396 1549 Caeterum
422 1525 486 1557 ego
511 1513 565 1546 bis
592 1513 675 1544 dedi
699 1510 898 1555 Λυκόοργε.

308 1561 338 1594 1.
364 1560 398 1593 6.
433 1559 537 1599 δίζω]
562 1558 652 1599 διζαῖ
677 1558 785 1591 editio
814 1561 978 1591 Romana.

307 1608 338 1639 1
363 1600 395 1638 7.
424 1601 503 1638 ἀλλ’
527 1623 573 1628 -—-
598 1603 742 1646 οἴομαι]
767 1604 891 1637 Euseb.
917 1611 952 1636 et
975 1603 1148 1637 Herodot.
1185 1599 1269 1637 ἀλλ’
1295 1601 1349 1638 ἔτι
1373 1603 1436 1640 καὶ
1460 1602 1555 1649 μαλ-

214 1654 279 1686 λον
298 1648 391 1686 θεὸν
407 1649 571 1693 ἔλπομαι.
606 1651 675 1683 Sed
698 1649 823 1683 melius
842 1648 980 1692 οἴομαι.
1005 1651 1099 1682 ΜΑῙ.
1133 1649 1184 1683 Ab
1211 1646 1259 1683 ἔτ’
1277 1650 1406 1693 οἴομαι
1429 1653 1556 1695 incipit

216 1698 348 1732 codicis
373 1698 534 1730 Vaticani
558 1709 592 1741 p.
611 1689 693 1730 255.
727 1696 874 1739 Scripsit
891 1703 1005 1730 autem
1026 1695 1138 1728 Maius
1155 1691 1248 1731 ἀλλὰ
1266 1695 1362 1733 θεὸν
1384 1696 1448 1733 καὶ
1464 1696 1556 1742 μᾶλ-

214 1745 281 1779 λον
306 1738 361 1778 ἔτ’
388 1742 526 1786 οἴο.μαι
570 1745 644 1786 Ego
666 1751 834 1786 ετοιομαι
855 1743 893 1776 in
917 1740 1074 1785 ἔλπομαι
1096 1743 1239 1776 mutavi.

259 1835 294 1869 1.
318 1834 352 1869 4.
384 1824 438 1878 Py
442 1833 535 1868 thiae
558 1834 739 1868 oraculum
763 1832 805 1867 de
831 1832 987 1877 Lycurgi
1009 1831 1141 1866 virtute
1162 1832 1286 1868 recitat
1308 1833 1415 1868 etiam
1438 1834 1554 1870 David

168 1880 402 1926 philosophus
422 1880 570 1913 ineditus
592 1874 636 1913 ad
661 1880 941 1924 priedicamenta
963 1879 1169 1913 Aristotelis.
1205 1879 1303 1913 MAI.
1328 1880 1364 1914 in
1387 1881 1475 1917 Add.

259 1928 287 1962 Ι.
313 1927 348 1960 7.
373 1926 523 1970 μᾶλλον]
550 1927 664 1959 Verba
687 1927 757 1959 huc
779 1937 887 1969 usque
909 1925 1054 1959 recitata
1076 1925 1174 1958 nulla
1195 1930 1275 1959 sunt
1297 1926 1334 1959 in
1350 1927 1469 1960 codice
1491 1934 1553 1970 pa·-

167 1966 271 2017 timp.
259 1976 344 2007 esto
369 1972 493 2007 mutilo
515 1972 697 2012 vaticano,
726 1971 823 2005 cuius
846 1971 979 2015 pagina
1001 1970 1072 2005 255
1095 1971 1255 2013 (Diodori
1277 1972 1406 2015 prima)
1431 1973 1555 2016 incipit

166 2032 190 2054 a
213 2017 359 2052 verbis
348 2017 400 2053 5¹2·
422 2019 560 2062 οἴομαι.
594 2019 755 2051 Iamvcro
774 2028 864 2061 quae
881 2018 993 2051 soluta
1010 2016 1168 2051 oratione
1187 2021 1267 2051 sunt
1282 2018 1428 2051 Diodori
1446 2020 1554 2054 verba

167 2077 279 2110 usque
303 2065 348 2098 ad
370 2064 553 2109 pythicum
575 2065 777 2104 oraculum,
809 2074 853 2096 ea.
874 2067 991 2096 extant
1021 2063 1110 2096 inter
1141 2063 1343 2105 fragmenta
1374 2059 1554 2099 valesiana

168 2113 222 2145 ed.
248 2111 393 2144 Wessel.
419 2111 463 2143 T.
486 2111 528 2143 11.
555 2109 698 2154 p.5;47
722 2112 799 2152 post
823 2120 912 2152 quae
936 2108 986 2141 ibi
1010 2109 1152 2142 additur
1179 2111 1340 2144 ZHTEI
1362 2107 1440 2144 EN
1463 2113 1556 2145 ΤΩΙ

168 2160 296 2194 ΠΕΡΙ
316 2158 568 2197 ΓΝΩΜΩΝ,
608 2156 809 2198 QUAERE
840 2156 897 2189 IN
924 2155 1107 2188 TITULO
1139 2155 1208 2188 DE
1228 2156 1552 2191 SENTENTIIS.

168 2215 239 2248 qua
257 2204 439 2247 praeclara
461 2201 697 2237 admonitione
720 2202 897 2242 docemur,
921 2201 1036 2235 locum
1059 2195 1209 2244 palimps
1211 2200 1274 2234 esti
1297 2202 1450 2236 vaticani
1472 2213 1553 2257 per-

167 2251 277 2286 tinele
307 2250 350 2283 ad
383 2249 523 2282 titulum
547 2248 591 2281 ‹Ie
613 2248 810 2292 sententiis,
847 2247 939 2290 quod
972 2252 1090 2281 tamen
1113 2258 1156 2280 ex
1185 2247 1262 2290 ipso
1292 2248 1370 2281 folii
1392 2245 1553 2293 margine

171 2296 254 2330 satis
279 2306 406 2339 cognos
391 2306 472 2335 5co,
497 2295 559 2328 ubi
581 2287 744 2327 scribitur
765 2297 800 2328 I
798 2295 965 2328 ΝΩΜΗ.
1012 2293 1124 2336 Ipsius
1147 2304 1233 2326 vero
1258 2304 1305 2336 Ρ)
1308 2293 1395 2327 th1c1
1418 2295 1554 2328 oraculi

168 2345 312 2394 partem
336 2340 486 2384 priorem
516 2351 654 2374 sumere
682 2339 772 2373 mihi
805 2339 932 2373 licebat
962 2339 1007 2373 ab
1041 2338 1221 2373 Herodoto
1253 2339 1315 2372 lib.
1335 2340 1362 2374 1.
1389 2339 1459 2382 653
1490 2340 1552 2374 sed

171 2386 283 2422 malui
305 2387 350 2419 ab
373 2386 527 2419 Eusebio
548 2394 666 2429 praep.
699 2396 752 2419 ev.
778 2385 840 2418 lib.
864 2385 905 2419 V.
929 2385 996 2426 27,
1027 2385 1088 2428 qui
1110 2384 1301 2427 pleniorem
1322 2386 1449 2421 recitat
1470 2395 1551 2430 par-

170 2439 241 2468 tem
265 2432 510 2475 posteriorem,
542 2443 668 2474 nempe
690 2443 728 2464 u»
715 2442 798 2474 sque
820 2431 864 2474 ad
888 2429 1009 2465 δώσω.
1055 2431 1174 2473 Quare
1194 2441 1254 2464 nes
1257 2431 1310 2472 cio
1335 2438 1397 2466 eur
1420 2431 1463 2465 cl.
1489 2443 1553 2465 an-

169 2478 352 2522 thologiae
374 2488 523 2521 graecae
545 2477 657 2510 editor
678 2477 718 2510 Li
722 2489 773 2520 1³.ss
797 2470 1047 2510 MDCCCXIV
1070 2475 1115 2509 T.
1137 2477 1178 2510 ΙΙ
1203 2487 1236 2519 p.
1256 2469 1338 2519 565,
1358 2471 1553 2512 substiterit

171 2525 262 2558 intra
284 2523 448 2557 arctiores
471 2524 555 2557 fines
575 2522 803 2563 herodoteos,
837 2534 944 2565 quum
969 2533 1027 2556 eos
1059 2521 1132 2555 iam
1154 2523 1353 2556 excessisset
1371 2524 1458 2558 duce
1480 2525 1551 2558 Eu·-

172 2570 270 2605 sebio
294 2570 462 2603 Gallneus
494 2569 626 2602 oracul.
661 2572 732 2603 vet.
765 2579 799 2611 p.
827 2568 873 2601 28
932 2569 1000 2602 Sed
1033 2579 1123 2601 nunc
1154 2568 1302 2611 (lenique
1326 2578 1392 2613 ope
1421 2570 1551 2604 codicis

171 2615 325 2651 vaticani
347 2615 482 2669 integro
505 2622 614 2658 prope
637 2617 791 2657 extremo
812 2625 914 2648 versu
935 2614 1118 2647 oraculum
1140 2624 1325 2659 augemus3
1354 2616 1446 2659 quod
1468 2626 1552 2650 sane

172 2672 240 2697 non
273 2660 460 2695 cessavisse
490 2660 526 2693 in
550 2659 657 2694 ιρι-1η)
689 2659 797 2694 ὃωσω
821 2658 892 2693 iam
924 2671 986 2694 nos
1019 2659 1184 2693 docuerat
1205 2661 1378 2696 Eusebius
1401 2662 1468 2697 loc.
1489 2662 1550 2697 cit.

172 2705 234 2743 ubi
256 2711 333 2752 post
354 2705 460 2741 δώσω
485 2706 552 2740 ait:
576 2706 637 2740 καὶ
661 2704 707 2740 τοὶ
731 2703 879 2747 τούτοις
903 2703 1216 2750 συνεπιλεγόμενα,
1241 2711 1275 2739 et
1294 2719 1381 2751 quae
1403 2719 1551 2752 sequun-

171 2761 240 2790 tur.
286 2755 396 2788 Porro
428 2763 542 2786 novae
574 2751 772 2796 particulae
801 2752 983 2786 vaticanae
1007 2752 1221 2796 suffragatur
1242 2746 1454 2787 Plutarchus
1477 2754 1549 2799 Ly

171 2812 268 2845 cmg
305 2811 383 2844 cap.
404 2799 453 2840 V,
487 2799 576 2841 apud
601 2809 703 2851 quem
727 2798 866 2841 Pythia
880 2798 1053 2841 promittit
1075 2799 1240 2844 churgo
1264 2809 1373 2844 remp
1397 2799 1548 2845 Spartae

170 2827 325 2882 omnium
344 2846 421 2880 fore
443 2824 784 2889 inaestantissunam.
832 2843 929 2880 MAI.

1243 2893 1263 2932 l

1584 1173 1609 1213 01
