1968 3346
241 217 540 264 EXCERPTA
572 217 643 259 DE
673 214 824 258 VIRT.
851 213 929 257 ET
959 214 1379 259 V1T.L.V1.—x.
1443 219 1502 260 79

30 366 34 381 .
74 355 81 413 1
109 325 507 400 παραγενηθέντων
537 328 583 372 δὲ
612 322 762 371 αὗτῶν
791 328 851 378 εἷς
874 323 1138 396 Μεσσήνην,
1167 326 1240 371 καὶ
1269 331 1332 386 τῷ
1359 329 1500 398 κυρίῳ

30 406 34 415 ·
108 394 256 436 πᾶσαν
283 387 364 457 τὴν
401 385 612 455 ἀλήθειαν
650 383 886 433 εἰπόντων,
926 383 1005 427 τὸν
1035 384 1274 452 Πολυχάρη
1314 384 1501 436 τούτους

75 434 81 483 l
109 448 190 502 μὲν
217 443 404 499 κρύψαι,
441 441 519 485 τὸν
549 441 595 485 δὲ
623 440 843 484 κοινωνόν
872 440 920 483 ἐκ
924 444 1024 510 τῆς
1053 441 1258 511 Σπάρτης
1285 441 1499 496 μεταπέμ-

30 531 36 538 -
74 489 296 554 ψασθαι
345 496 737 567 διαβεβαιουμένου
784 494 832 540 δὲ
881 495 1020 540 αὐτοῦ
1054 495 1128 539 καὶ
1171 497 1373 552 λέγοντος
1411 502 1498 542 τῶν
1526 506 1583 547 20

108 557 283 613 νομέων
311 555 416 607 τούς
444 554 523 624 μὲν
547 553 636 597 υπὸ
666 556 838 609 λῃστῶν
851 550 1187 622 άφηρπάσθαι,
1226 553 1336 623 τοὺς,
1360 554 1406 598 δὲ
1434 571 1496 598 τε·

108 613 428 682 τελευτηκέναι,
467 610 546 654 τὸν
574 611 652 663 [δὲ]
682 606 918 665 Πολυχάρη
947 609 1156 664 προάγειν
1184 609 1289 661 τούς
1319 608 1495 665 ἄνδρας.

108 671 188 723 οὓς
224 669 378 714 ἰδόντα
417 665 496 710 τὸν
524 667 774 737 Εὔαιφνον
789 669 1141 738 καταπλαγῆναι,
1185 667 1260 710 καὶ
1291 672 1496 722 φανερῶς

72 751 73 758 1
109 725 389 799 ἐλεγχόμενον
425 727 645 779 τραπῆναι
691 721 802 778 πρὸς
851 721 1022 778 δέησιν,
1069 723 1145 766 καὶ
1181 722 1259 774 τάς
1301 739 1345 766 τε
1386 727 1495 780 βοῦς
1524 728 1580 772 25

70 808 72 813 ¹
108 783 482 850 ἀποκαταστήσειν
522 781 834 849 ἐπαγγελέσθαι
877 779 952 822 καὶ
990 783 1138 823 πᾶσαν
1165 779 1380 834 προέσθαι
1411 797 1500 835 φω-

106 839 192 896 νην
223 840 290 889 εἰς
326 836 376 880 τό
419 840 631 905 σωθῆναι.
672 837 749 880 τὸν
779 836 826 880 δὲ
857 834 1100 906 Πολυχάρη
1126 835 1390 890 ἐντραπέντα
1418 837 1501 892 τὴν

29 895 34 911 ’
73 897 254 971 ιξενίαν
281 893 449 962 κρύψαι
477 896 558 948 τὴν
594 895 777 947 πρᾶξιν,
818 892 892 935 καὶ
919 894 1000 935 τόν
1028 892 1131 935 υἱόν
1160 897 1501 936 συναποστεῖλαι

18 954 22 967 “
73 922 168 1028 {zeii
197 948 453 1020 Σπαρτιάτῃ
490 949 602 1004 πρὸς
631 948 679 992 τὸ
711 954 856 1005 τυχεῖν
889 952 977 991 τῶν
1008 951 1202 993 δικαίων.
1261 948 1500 1003 Εὔαιφνον

16 1011 20 1032 ”
76 1030 78 1038 ‚
107 997 155 1053 δέ
183 1008 257 1052 καὶ
288 1011 376 1050 τῶν
405 1006 669 1061 ἐπαγγελιῶν
698 1006 983 1049 ἐπιλαθέσθαι
1011 1005 1089 1049 τόν
1118 1022 1162 1049 τε
1191 1006 1251 1056 εἰς
1281 1005 1495 1061 Σπάρτην
1523 1013 1580 1055 30

27 1069 31 1081 ’
74 1049 500 1132 συνεκπεμφθέντα
538 1064 771 1106 νεανίσκον
807 1061 987 1106 άνελεῖν.
1038 1064 1092 1105 οὐ
1136 1063 1500 1113 συντελεσθέντος

23 1126 26 1136 ’
73 1106 185 1165 τὸν
229 1118 465 1192 Πολυχάρη
504 1136 565 1169 ως
604 1119 674 1162 ἐπὶ
716 1118 988 1189 τηλικούτοις
1026 1116 1303 1175 άνομήμασιν
1340 1118 1501 1174 άγανα-

74 1165 225 1222 κτεῖν
260 1177 335 1220 καὶ
372 1192 453 1219 τον
491 1177 632 1219 αἴτιον
669 1175 863 1227 ἐξαιτεῖν.
903 1175 1007 1226 τούς
1039 1176 1085 1218 δὲ
1120 1178 1500 1230 Λακεδαιμονίους

10 1236 34 1274 '-
72 1234 247 1307 τούτῳ
277 1251 335 1306 μη
367 1232 614 1302 προςέχειν,
654 1232 733 1276 τόν
772 1232 818 1276 δὲ
854 1232 956 1275 υἱὸν
983 1231 1225 1287 Εὐαίφνου
1266 1231 1359 1286 μετ’
1404 1232 1499 1276 ἐπι-

27 1297 32 1311 ¹
74 1309 77 1317 ’
105 1279 262 1360 στολῆς
298 1292 358 1341 εἰς
386 1288 626 1358 Μεσσήνην
657 1286 913 1332 ἀποστεῖλαι
952 1291 1182 1359 δηλοῦντα
1201 1289 1314 1332 διότι
1346 1292 1494 1332 Πολυ-
1525 1296 1583 1339 35

71 1323 78 1396 s
104 1347 242 1418 χάρης
271 1348 331 1397 εἰς
358 1343 570 1401 Σπάρτην
605 1351 932 1415 κατηγορεῖται
937 1346 1035 1399 περὶ
1067 1349 1129 1388 ὠν
1160 1345 1324 1389 ἐπαθεν
1355 1346 1424 1389 ἐπί
1451 1361 1497 1389 τε

103 1409 194 1448 τῶν
223 1402 400 1471 ἐφόρων
420 1403 494 1446 καὶ
522 1405 611 1445 τῶν
635 1403 860 1473 βασιλέων
889 1401 967 1445 τὸν
988 1385 1033 1446 δὲ
1054 1401 1289 1473 Πολυχάρη
1308 1401 1499 1457 τυχόντα

103 1465 194 1505 τῶν
211 1462 320 1503 ἴσων
336 1457 415 1503 τόν
431 1475 476 1502 τε
491 1461 724 1503 νεανίσκον
743 1458 914 1502 άνελεῖν
931 1459 1005 1502 καὶ
1024 1474 1105 1527 την
1120 1458 1250 1526 πόλιν
1264 1459 1496 1513 ῥυσιάζειν.

25 1549 32 1556 .
70 1523 71 1526 ’
206 1516 305 1560 1’Ότι
339 1514 506 1571 Ἀρχίας
547 1515 571 1558 6
612 1518 860 1570 Κορίνθιος
901 1514 1083 1571 ἐραστὴς
1131 1514 1195 1558 ῶν
1232 1514 1496 1566 Ἀκταίωνος
1525 1521 1582 1564 40

13 1598 29 1631 3,
62 1551 78 1613 ἐι
104 1572 155 1618 τὸ
185 1590 264 1630 μεν
301 1577 479 1627 πρῶτον
515 1572 788 1641 προςέπεμπέ
820 1588 919 1615 τινα
957 1576 1019 1615 τῶ
1048 1573 1192 1625 παιδί,
1212 1573 1497 1643 θαυμαστας

20 1639 23 1650 '
58 1640 60 1644 ’
105 1631 360 1698 ἐπαγγελίας
396 1627 780 1698 ποιούμενος·οὐ
819 1618 1063 1682 δυνάμενος
1092 1629 1138 1672 δὲ
1168 1627 1305 1672 αὐτὸν
1335 1627 1497 1672 άναλα-

6 1695 30 1736 ,“
59 1694 61 1698 ’
108 1690 202 1744 βεῖν
231 1685 351 1740 παρὰ
377 1684 457 1742 τὴν
483 1689 563 1728 τοῦ
591 1685 756 1739 πατρὸς
781 1685 1115 1755 καλοκάγαθίαν
1142 1686 1217 1729 καὶ
1240 1684 1325 1754 τὴν
1355 1684 1498 1728 αὐτοῦ

86 1747 190 1794 §tofi
226 1741 382 1792 παιδὸς
419 1742 739 1812 σωφροσύνην,
787 1740 971 1813 η’θροισε
1008 1745 1098 1784 τῶν
1139 1741 1350 1810 συνήθων
1391 1756 1497 1792 τους
1525 1747 1583 1791 45

64 1811 69 1837 1
106 1800 354 1850 πλείστους,
395 1815 455 1849 ως
492 1797 752 1853 βιασόμενος
788 1798 868 1841 τὸν
903 1799 951 1842 ἐν
977 1798 1123 1853 χάριτι
1161 1799 1234 1842 καὶ
1266 1795 1409 1854 δεήσει
1437 1799 1496 1854 μὴ

103 1855 403 1900 υπακούοντα.
440 1854 561 1905 τέλος
591 1855 637 1898 δὲ
667 1855 904 1908 μεθυσθεὶς
932 1871 1039 1910 μετα
1067 1859 1159 1898 τῶν
1168 1860 1499 1924 συμπαρακλη-

70 1941 75 1968 .³
102 1913 275 1957 θέντων
309 1910 378 1954 ἐπὶ
389 1915 619 1983 τοσοῦτον
645 1910 799 1962 άνοίας
807 1913 1064 1981 προέπεσεν
1093 1910 1182 1955 ὑπὸ
1210 1916 1294 1956 τοῦ
1321 1913 1499 1963 πάθους

72 1979 73 1983 ’
105 1969 210 2020 ῶςτε
246 1970 306 2019 εἰς
347 1984 428 2037 την
466 1969 611 2011 οἰκίαν
648 1967 847 2038 ἐμπεσών
884 1973 966 2012 τοῦ
995 1970 1225 2012 Μελίσσου
1253 1967 1332 2013 τὸν
1360 1971 1498 2011 παῖδα

73 2042 75 2058 ³
102 2028 258 2096 βιαίως
293 2021 529 2094 ἀπήγαγεν.
571 2022 862 2093 ἀντεχομένου
902 2025 951 2069 δε
978 2029 1062 2069 τοῦ
1100 2024 1266 2080 πατρὸς
1303 2026 1377 2070 καὶ
1405 2030 1495 2068 τῶν
1524 2029 1581 2073 50

70 2081 248 2126 άλλων
285 2085 374 2125 τῶν
413 2080 526 2125 κατὰ
563 2081 642 2137 την
671 2083 836 2130 οἰκίαν,
879 2080 988 2137 παρ’
1004 2080 1287 2153 αμφοτέροις
1329 2086 1494 2138 φιλοτι-

70 2136 75 2192 j
102 2141 204 2195 μίας
237 2137 489 2209 βιαιοτέρας
522 2138 759 2209 γενομένης
796 2139 954 2183 ἔλαθεν
992 2135 1016 2182 6
1046 2145 1148 2190 παῖς
1178 2140 1225 2183 ἐν
1252 2144 1347 2190 ταῖς
1376 2139 1494 2194 χερσὶ

71 2223 74 2259 4
101 2199 193 2240 τῶν
221 2195 522 2265 ἀντεχομένων
552 2193 678 2250 ἀφεὶς
709 2195 790 2251 τήν
818 2195 984 2251 ψυχήν·
1029 2195 1132 2245 ὤςτε
1161 2195 1211 2239 τὸ
1242 2193 1496 2250 παράδοξον

69 2257 179 2321 τῆς
216 2249 412 2307 πράξεως
445 2251 847 2322 ἀναλογιζομένους
876 2254 1010 2296 ἐλεεῖν
1048 2252 1138 2309 ἅμα
1174 2267 1267 2321 την
1293 2257 1377 2296 τοῦ
1415 2268 1494 2295 πα-
1525 2256 1580 2299 55

71 2311 73 2368 ff
104 2308 268 2378 θόντος
304 2308 543 2379 συμφοραν
580 2310 654 2351 καὶ
692 2307 937 2380 θαυμάζειν
977 2308 1059 2365 τὴν
1097 2313 1172 2365 τῆς
1209 2307 1344 2382 τύχης
1384 2325 1499 2363 περι-

71 2376 73 2378 ·
104 2366 290 2410 πέτειαν.
333 2371 369 2424 ῴ
398 2364 483 2434 γάρ
515 2364 539 2409 6
570 2370 674 2416 παῖς
711 2370 788 2422 τῆς
829 2364 965 2422 αὐτῆς
1005 2367 1172 2422 ἐκείνης
1206 2366 1327 2435 ἔτυχε
1367 2382 1499 2419 προς-

102 2424 304 2477 ηγορίας,
335 2411 476 2493 τούτῳ
505 2420 587 2478 τὴν
616 2421 776 2479 ὁμοίαν
803 2426 884 2466 τοῦ
905 2425 1008 2478 βίου
1026 2422 1340 2479 καταστροφήν
1361 2423 1497 2478 ἔσχεν,

104 2478 323 2532 ἑκατέρων
367 2477 455 2522 ὑπὸ
495 2483 586 2522 τῶν
622 2463 809 2534 μάλιστα
849 2478 905 2523 α“ν
939 2480 1260 2538 βοηθησόντων
1297 2483 1381 2524 τοῦ
1420 2483 1497 2536 ζῆν

102 2535 390 2593 παραπλησίῳ
417 2534 567 2596 τρόπῳ
600 2536 914 2593 στερηθέντων.
1523 2543 1578 2583 60

103 2649 163 2685 22.
187 2646 228 2684 δὲ
251 2648 434 2683 delendum
588 2649 646 2685 36.
670 2651 945 2704 κατηγορεῖται]
967 2643 1215 2695 κατηγορείτω
1239 2649 1404 2684 Reiskius

104 2696 163 2731 37.
198 2694 399 2740 Πολυχάρη
423 2694 594 2740 Valesius,
630 2693 830 2742 Εὔαιφνον
854 2698 884 2732 V
1044 2697 1102 2732 41.
1132 2695 1362 2742 προςέπεμπε
1386 2694 1494 2730 Reis-

103 2742 204 2784 kius,
227 2742 438 2786 προέπεμπε
462 2742 492 2774 V

196 2788 279 2822 549.
300 2788 356 2823 48.
382 2785 597 2832 προέπεσεν]
620 2786 838 2833 προςέπεσεν
854 2789 886 2824 V
1009 2788 1066 2826 59.
1091 2784 1380 2837 βοηθησόντων]
1405 2787 1495 2834 βοη-

106 2832 306 2881 θησάντων
330 2834 541 2871 Schaefcrus
562 2835 682 2872 Melet
706 2835 850 2881 p·126,
