1968 3346
392 252 449 293 28
616 222 916 292 ExcERPTA
943 243 1230 287 VATmANA
1257 243 1306 284 L.
1327 241 1551 285 v11.-x.

519 359 623 401 “On
660 356 846 417 ἡμίονον
888 354 968 399 τόν
997 357 1151 423 Κῦρον
1189 354 1273 410 ἔφη
1311 353 1385 398 διὰ
1411 354 1461 398 τὸ
1502 352 1584 408 τὴν
1611 354 1772 411 μητέρα

393 413 532 459 αὐτοῦ
562 414 772 470 Μηδικην
805 418 939 463 εἰναι,
969 411 1048 454 τὸν
1078 411 1124 454 δὲ
1155 412 1320 464 πατέρα
1350 409 1487 454 αὐτοῦ
1520 411 1706 467 Πέρσην.

514 471 618 514 ’Ότι
648 474 800 523 Κῦρος
830 468 854 512 6
883 473 971 511 τῶν
1003 471 1187 521 Περσῶν
1222 467 1424 522 βασιλεὺς
1453 468 1772 537 παραγενηθεὶς

393 527 498 584 μετὰ
520 527 662 582 πάσης
682 526 909 580 δυνάμεως
932 526 990 574 εἰς
1009 524 1061 566 τὰ
1081 528 1156 579 τῆς
1177 525 1495 574 Καππαδοκίας
1515 523 1643 566 στενοὶ
1674 523 1773 566 ἀπέ-

363 589 526 633 ὄστειλε
565 600 761 639 κηρυκας
797 581 909 635 πρός
950 580 1029 623 τὸν
1068 584 1268 632 Κροῖσον
1306 579 1386 635 τήν
1429 596 1473 623 τε
1515 582 1774 623 δυναστείαν

393 640 533 683 αὐτοῦ
561 638 971 692 κατασκεψομένους
1009 637 1083 679 καὶ
1112 636 1388 691 δηλώσοντας
1417 636 1486 679 ὅτι
1519 640 1669 690 Κῦρος
1700 634 1775 679 αὖ·

389 698 467 740 τὸν
503 695 658 752 αφίησι
685 700 773 738 τῶν
803 694 1021 764 πρότερρν
1050 692 1374 748 ἁμαρτηματων
1402 694 1476 736 καὶ
1505 695 1673 743 Λυδίας
1700 709 1775 736 κα-

389 756 565 823 θίστησι
595 750 843 807 σατράπην,
875 750 930 793 ἂν
959 749 1028 792 ἐπὶ
1055 749 1201 805 θύρας
1220 749 1462 819 γενόμενος
1493 747 1655 818 ὁμοίως
1682 754 1775 800 τοῖς

392 809 540 860 ἄλλοις
571 809 765 864 ὁμολογῃ
795 810 954 856 δοῦλος
981 803 1107 848 εἰναι.
1149 805 1258 858 πρὸς
1289 805 1367 856 οὕς
1398 804 1421 849 6
1453 809 1646 858 Κροῖσος
1675 805 1774 849 οἷπε-

337 869 525 922 1Οκρίθη
564 865 674 909 διότι
713 863 1016 933 προςηκόντως
1055 863 1111 905 ἂν
1141 866 1293 916 Κῦρος
1329 863 1403 906 καὶ
1435 862 1602 917 Πέρσαι
1640 864 1772 916 Κροί-
1783 865 1830 899 25

392 934 454 978 σῳ
484 921 709 967 δουλεύειν
737 919 1018 975 ὑπομένοιεν·
1061 921 1254 970 ἐκείνους
1283 919 1362 974 μὲν
1390 936 1472 973 γαρ
1510 918 1589 962 τὸν
1618 919 1781 989 ε’μπρο-

392 968 499 1022 σθεν
528 977 691 1034 χρόνον
721 959 1055 1021 διατετελεκέναι
1090 974 1257 1031 Μήδοις
1287 975 1601 1028 δουλεύοντας,
1637 974 1776 1019 αὐτὸν

392 1036 439 1080 δὲ
469 1035 677 1078 οὐδέποτε
699 1033 984 1100 πεποιηκέναι
1012 1031 1062 1075 τὸ
1072 1032 1466 1102 προςταττόμενον
1488 1030 1576 1102 vqs
1608 1031 1774 1102 ετέρου.

493 1092 599 1135 ’Ότι
627 1109 668 1135 οι
694 1090 882 1145 πονηροὶ
911 1087 996 1132 κᾶν
1026 1088 1181 1131 αὐτίκα
1210 1089 1328 1143 παρὰ
1354 1093 1444 1132 τῶν
1472 1087 1776 1144 αδικηθέντων

337 1148 472 1204 15την
486 1150 698 1204 τιμωρίαν
714 1144 1020 1198 ἐκκλίνωσιν,η’
1036 1161 1083 1200 γε
1100 1148 1355 1215 βλασφημία
1372 1144 1423 1189 δι’
1445 1147 1605 1197 αἰωνος
1619 1162 1774 1201 τηρου-

391 1207 499 1262 μένη
515 1206 587 1248 καὶ
602 1202 938 1259 τελευτήσαντας
955 1201 1116 1252 αὐτούς
1129 1219 1238 1245 κατα
1252 1202 1300 1245 τὸ
1314 1203 1505 1246 δυνατὸν
1518 1203 1774 1258 μετέρχεται.

504 1275 637 1317 XXX.
669 1272 774 1315 “Oa
805 1281 914 1325 φασι
936 1269 1014 1312 τὸν
1035 1272 1231 1325 Κροῖσον
1255 1269 1344 1338 πρὸ
1374 1274 1455 1313 τοῦ
1483 1270 1595 1325 πρὸς
1617 1274 1776 1326 Κῦρον

390 1331 583 1385 πολέμου
601 1329 768 1397 πέμψαι
779 1325 993 1394 *θεωρούς
1014 1327 1073 1376 εἰς
1086 1324 1290 1390 Δελφούς
1311 1326 1662 1396 ἐπερωτήσοντας
1682 1331 1776 1378 πῶς

390 1386 448 1430 αν
479 1387 501 1431 6
530 1384 628 1436 υίὸς
658 1382 796 1428 αὐτοῦ
828 1382 1006 1428 δύναιτο
1037 1380 1192 1440 φωνὴν
1228 1381 1459 1438 προέσθαι.
1497 1382 1578 1440 τὴν
1607 1384 1653 1427 δε
1684 1387 1776 1427 Πυ-

331 1446 499 1493 ΞΟθίαν
528 1444 664 1486 εἰπεῖν

474 1499 592 1543 Λυδε
620 1498 770 1554 γένος,
800 1500 974 1540 πολλῶν
1003 1499 1206 1566 βασιλεῦ,
1234 1495 1342 1552 μέγα
1357 1495 1499 1567 νήπιε
1517 1500 1715 1567 Κροῖσε,
1742 1529 1746 1533 -

475 1555 532 1613 μή
565 1555 734 1609 βούλου
761 1554 1031 1597 πολύευκτον
1060 1553 1133 1596 ἰὰν
1161 1553 1272 1596 κατα
1304 1551 1469 1621 δώματ’
1502 1551 1680 1597 ακούειν

473 1614 631 1662 παιδὸς
660 1610 992 1681 φθεγγομένου·
1025 1609 1126 1653 τόδε
1157 1622 1226 1652 σοι
1254 1608 1366 1652 πολὺ
1395 1607 1530 1653 λώιον
1563 1609 1701 1666 ἄμφις

475 1669 671 1726 ε’μμεναι·
704 1668 884 1724 αὐδησει
912 1684 995 1722 γαρ
1027 1683 1074 1709 εν
1102 1665 1234 1723 ἤματι
1263 1670 1443 1720 πρῶτον
1471 1665 1660 1726 ανόλβῳ.

332 1749 388 1791 25
509 1737 616 1781 Ὀτι
647 1739 714 1780 δεῖ
748 1736 828 1789 τὴν
863 1734 1066 1789 εὐτυχίαν
1096 1736 1277 1804 μετρίως
1307 1734 1457 1790 φέρειν
1492 1736 1567 1779 καὶ
1604 1753 1664 1792 μη
1700 1752 1775 1779 πε-

389 1794 520 1838 ποιθέ
524 1811 597 1837 ναι
639 1810 732 1843 ταις
772 1792 1074 1844 ἀνθρωπίναις
1112 1789 1364 1844 εὐπραξίαις
1399 1808 1446 1836 εν
1483 1797 1616 1851 μικρᾷ
1656 1794 1775 1850 ροπῃ

389 1851 578 1921 μεγάλας
607 1849 848 1918 μεταβολὰς
879 1847 1219 1916 λαμβανούσαις.

506 1907 613 1950 ΓὈτι
641 1923 747 1961 μετα
777 1906 826 1948 τὸ
857 1921 902 1959 γε
887 1904 1062 1950 ενέσθαι
1088 1902 1360 1974 αἰχμάλωτον
1378 1907 1577 1957 Κροῖσον
1598 1905 1672 1948 καὶ
1693 1905 1775 1962 τήν

390 1981 539 2031 πυραν
561 1966 803 2030 σβεσθῆναι
818 1962 924 2004 ι’δών
944 1962 1025 2029 τὴν
1043 1959 1172 2004 πόλιν
1196 1962 1541 2029 διαρπαζομένην
1560 1962 1634 2004 καὶ
1663 1963 1775 2016 πρὸς

334 2027 482 2072 δοτοῖς
512 2019 660 2070 ἄλλοις
689 2018 834 2061 πολύν
856 2016 1053 2089 ἄργυρόν
1073 2033 1117 2061 τε
1135 2018 1209 2060 καὶ
1227 2016 1393 2072 χρυσὸν
1413 2017 1774 2073 διαφορούμενον

392 2079 654 2131 επερωτῆσαι
676 2075 754 2118 τόν
776 2077 931 2127 Κῦρον
951 2076 992 2116 τί
1012 2077 1218 2116 ποιοῦσιν
1246 2075 1290 2115 οἱ
1316 2079 1587 2127 στρατιῶται.
1619 2079 1700 2117 τοῦ
1726 2075 1773 2118 δὲ

322 2146 338 2171 t
390 2134 496 2202 μετὰ
514 2132 698 2187 γέλωτος
717 2130 1045 2200 αποκριθέντος
1053 2130 1111 2179 ὡς
1124 2130 1188 2172 Τα
1205 2129 1260 2172 σα
1270 2129 1467 2197 χρήματα
1484 2129 1772 2184 διαρπαζουσι

391 2189 472 2232 Μὰ
493 2191 579 2231 Δία
588 2205 679 2258 μεν
706 2189 807 2235 οὐν,
838 2188 994 2235 εἰπεῖν,
1021 2183 1132 2228 ἄλλα
1152 2202 1205 2228 τα
1225 2185 1298 2228 σα·
1331 2188 1532 2239 Κροίσου
1551 2204 1635 2241 γαρ
1653 2189 1773 2231 ἰ’διον

391 2245 534 2292 οὐκέτι
547 2244 680 2289 οὐθὲν
692 2241 887 2300 ὑπάρχει.
911 2260 933 2286 ο
921 2241 986 2285 6
976 2259 993 2285 ε
1004 2244 1152 2295 Κῦρος
1161 2240 1395 2298 θαυμάσας
1406 2242 1484 2286 τόν
1493 2242 1626 2300 λόγον
1637 2241 1774 2296 εὐθύς

528 2350 584 2383 28
609 2349 643 2382 7.
679 2343 826 2404 ἀφίησι]
845 2342 1008 2400 ἀφίησιν
1032 2347 1085 2381 ed
1105 2349 1207 2380 Rom.

526 2395 664 2429 2318.
693 2389 999 2447 ἐπερωτήσοντας]
1029 2390 1172 2438 ἐπηρωτ
1176 2403 1334 2437 ησοντας
1354 2393 1408 2427 ed.
1431 2395 1534 2428 Rom.

527 2441 667 2475 2819.
701 2436 762 2481 ἂν]
791 2439 860 2472 οὐν
883 2440 936 2473 ed.
958 2441 1058 2472 Rom.

526 2488 583 2521 28.
607 2486 665 2519 22.
700 2484 780 2527 ἰοὶν]
806 2486 929 2540 incipit
949 2486 1080 2518 codicis
1102 2498 1135 2528 p.
1152 2482 1232 2519 249-

526 2534 583 2565 28.
609 2533 663 2566 22.
698 2527 855 2572 δώματ’]
885 2526 982 2572 δωμ’
1007 2531 1061 2563 ed.
1086 2534 1184 2565 Rom.

526 2579 584 2611 23.
608 2578 665 2611 23.
698 2576 797 2632 τόδε]
825 2574 866 2610 τὸ
890 2575 929 2610 δε
952 2577 1006 2609 ed.
1026 2579 1124 2610 Pom.

527 2625 584 2658 28.
610 2624 667 2656 30.
699 2619 876 2666 ἄργυρόν]
903 2618 1078 2665 αργύριόν
1097 2623 1151 2655 ed.
1171 2625 1273 2656 Rom

529 2669 586 2701 ⁶28.
610 2669 667 2701 31.
699 2667 938 2722 ἐπερωτῆσαι]
963 2666 1196 2712 ἐπηρωτῆσαι
1219 2669 1273 2702 ed.
1296 2670 1396 2703 Γ..οω

528 2715 585 2748 23.
609 2714 664 2748 34.
701 2712 833 2758 εὐθύς]
861 2712 956 2749 εὐθύ
979 2716 1033 2748 ed.
1052 2718 1156 2749 Rom.

484 2815 541 2849 28.
565 2815 621 2849 11.
652 2816 820 2851 nerodot.
838 2816 867 2851 Ι.
890 2816 969 2849 102.
1001 2816 1100 2851 MAI.

486 2862 542 2896 28.
567 2862 624 2895 2³.
658 2863 825 2897 llerodot.
842 2863 870 2897 1.
894 2861 950 2897 85.
982 2863 1081 2897 MAI.
