1968 3346
293 221 595 264 EXCERPTA
624 221 910 265 VATIGANA
936 222 984 266 L.
1002 221 1383 267 xxxv11.--x1..
1448 226 1533 269 129

256 336 309 379 V.
336 332 437 379 “On
465 332 828 389 συντελουμένων
847 334 960 377 κατὰ
983 332 1120 406 τύχην
1141 333 1328 392 ἀγώνων
1355 337 1429 380 καὶ
1447 341 1532 382 τοῦ

142 392 339 446 θεατρου
368 391 715 446 πεπληρωμένον
744 395 831 434 τῶν
855 390 924 434 ἐπὶ
953 390 1032 446 τῆν
1055 391 1167 435 θέαν
1195 393 1530 461 κατηντηκότων

138 451 372 519 Ρωμαίων
400 448 615 516 κωμῳδὸν
652 447 720 490 ἐπὶ
749 451 829 516 τῆς
856 452 1018 504 σκηνῆς
1052 447 1375 518 ἀγωνιζόμενον
1403 451 1529 494 κατέ-

142 508 318 575 σφαξαν
356 505 403 547 ἐν
440 508 502 562 τῷ
531 503 725 562 θεάτρῳ,
767 502 984 571 φήσαντες
1022 502 1106 548 οὐκ
1146 503 1407 558 ἀκολούθως
1446 507 1527 551 av'-

141 565 221 608 τὸν
237 551 568 615 ὑποκρίνασθαι
587 565 640 616 τῆ
661 559 919 630 περιστάσει.
944 564 1022 617 τῆς
1043 562 1089 604 δὲ
1107 568 1406 632 πανηγυρικῆς
1419 565 1528 616 θέας
1556 571 1583 613 5

143 623 204 672 εἰς
237 616 479 674 πολεμικὴν
500 616 858 686 σκυθρωπότητα
887 618 963 660 καὶ
993 615 1151 673 φόβων
1180 618 1434 688 ὑπερβολήν
1462 621 1528 664 ἐκ

139 678 373 745 τραπείσης
401 674 429 732 ἡ
458 673 566 731 τύχη
586 674 826 743 σατυρικὸν
851 678 914 717 τῶ
942 677 1084 744 καιρῷ
1113 673 1256 730 τούτῳ
1287 675 1528 728 πρόςωπον

140 731 433 801 ἐπειςήγαγεν.
476 733 533 786 ἡν
568 729 652 786 γάρ
691 747 757 782 τις
786 734 977 780 Λατῖνος
1015 730 1156 784 ὄνομα
1192 733 1272 787 μὲν
1299 735 1527 786 Σαννίων,

138 787 430 861 γελωτοποιὸς
451 788 498 830 δὲ
526 787 601 830 καὶ
628 785 808 842 χάριτας
835 786 1196 856 ὑπερβαλλούσας
1226 789 1337 844 ἔχων
1357 791 1417 840 εἰς
1439 792 1529 834 ἱλα

140 846 318 917 ρότητα.
359 844 414 888 ου’
451 843 536 913 γὰρ
575 843 717 900 μόνον
753 843 800 886 ἓν
838 847 930 894 τοῖς
967 842 1116 899 λόγοις
1155 844 1287 888 ἐκίνει
1318 845 1587 901 γέλωτας,10

140 902 252 948 ἀλλὰ
279 900 354 946 καὶ
383 899 493 944 κατὰ
521 899 602 956 τὴν
631 899 801 955 σιωπην
829 900 904 943 καὶ
933 902 1067 943 ποίαν
1097 899 1300 956 σώματος
1330 902 1528 958 ἐπιστρο-

138 959 232 1017 φὴν
265 958 459 1008 ἅπαντας
497 956 632 1000 ἐποίει
666 957 772 1007 τοὺς
810 957 1063 1012 θεωμένους
1091 960 1287 1013 μειδιᾶν.
1337 965 1528 1017 φυσικῆς

137 1032 259 1066 τινος
288 1012 595 1083 ἐπιτρεχούσης
619 1010 927 1083 πιθανότητος.
953 1014 1022 1056 διὸ
1051 1014 1126 1057 καὶ
1151 1015 1272 1070 παρὰ
1295 1013 1528 1072 Ῥωμαίοις

140 1073 328 1130 μεγάλης
370 1070 588 1142 αποδοχῆς
627 1069 674 1112 ἐν
713 1074 808 1119 τοῖς
844 1068 1049 1140 θεάτροις
1083 1071 1352 1139 ἐπληροῦτο·
1397 1075 1441 1116 οἱ
1479 1073 1527 1117 δὲ

140 1128 394 1173 Πικεντινοὶ
423 1126 503 1182 τῆν
542 1124 789 1169 απόλαυσιν
825 1126 899 1169 καὶ
931 1127 1086 1180 τέρψιν
1115 1127 1280 1183 ταύτην
1310 1145 1402 1172 των
1426 1128 1524 1173 Ῥω·
1529 1134 1583 1179 15

137 1188 283 1242 μαίων
330 1181 575 1237 ἀφελέσθαι
621 1182 889 1238 βουλόμενοι
936 1188 1098 1227 τοῦτον
1137 1184 1380 1239 διέγνωσαν
1419 1185 1525 1230 ἄπο-

136 1248 314 1288 κτεῖναι
358 1240 382 1283 ὁ
418 1239 464 1283 ὁε
495 1239 845 1310 προαισθόμενος
881 1238 931 1282 τὸ
971 1239 1130 1294 μέλλον
1167 1245 1385 1285 τελεῖσθαι
1424 1258 1529 1299 προ·

135 1304 274 1354 ἦλθεν
314 1297 382 1340 ἐπὶ
418 1296 499 1352 τῆν
539 1295 705 1366 σκηνήν
742 1296 815 1339 καὶ
839 1300 925 1356 τῆς
970 1300 1052 1339 τοῦ
1090 1300 1309 1369 κωμῳδοῦ
1354 1304 1528 1356 σφαγῆς

139 1356 237 1428 ἄρτι
267 1353 564 1426 γεγενημένης
575 1352 775 1408 Ἄνδρες,
816 1357 932 1402 εἰπε,
972 1355 1148 1403 θεαταί,
1183 1359 1525 1426 καλλιεροῦμεν·

138 1410 208 1456 ἐπ’
248 1409 407 1482 α’γαθῷ
442 1407 483 1453 δ’
522 1410 589 1478 ειή
628 1408 1010 1463 συντετελεσμένον
1047 1409 1097 1453 τὸ
1135 1409 1396 1455 κακόν·οὐ
1434 1412 1582 1469 76920

136 1471 227 1525 εἰμι
248 1466 482 1520 Ῥωμαῖος,
521 1463 617 1508 ἀλλ’
637 1465 800 1536 ὅμοιος
827 1464 956 1521 ὑμῶν
991 1464 1082 1509 ὑπὸ
1113 1466 1297 1523 ῥάβδοις
1326 1470 1524 1537 τεταγμέ-

135 1542 217 1578 νος
254 1525 497 1591 περινοστῶ
531 1538 612 1578 την
637 1519 824 1564 Ἰταλίαν
852 1522 927 1564 καὶ
964 1520 1144 1577 χάριτας
1173 1524 1526 1581 ἐμπορευόμενος

136 1580 304 1651 ήδονας
343 1580 418 1624 καὶ
451 1577 637 1647 γέλωτας
660 1582 884 1635 θηρῶμαι.
927 1578 995 1622 διὸ
1025 1581 1239 1634 φείσασθε
1266 1585 1344 1651 τῆς
1372 1587 1526 1651 κοινῆς

72 1599 347 1684 118ἆποὲντων
375 1633 618 1705 χελιδόνος,
648 1636 677 1692 ἡ
709 1636 759 1678 τὸ
785 1640 912 1678 θεῖον
931 1635 1133 1678 ἕδωκεν’
1116 1652 1164 1680 εν
1191 1642 1287 1688 ταῖς
1315 1637 1526 1682 απάντων

136 1697 295 1746 οἰκίαις
311 1690 605 1737 ἐννεοττεύειν
616 1679 877 1742 ἀκινδύνως·
901 1690 956 1735 ου’
967 1708 1051 1746 γαρ
1064 1693 1283 1736 δίκαιον
1253 1699 1372 1749 υμᾶς
1382 1695 1580 1744 nol-2625

134 1754 313 1798 κλαίειν.
345 1748 429 1793 οὐκ
457 1747 583 1804 ὀλίγα
605 1748 652 1792 δὲ
681 1749 753 1791 καὶ
766 1746 882 1791 ἄλλα
901 1747 1024 1820 πρός
1036 1747 1240 1793 διαλυσιν
1266 1752 1339 1794 καὶ
1357 1753 1524 1806 γέλωτα

136 1808 328 1855 διελθων
366 1806 441 1850 καὶ
470 1809 524 1863 τῇ
563 1804 825 1860 πιθανότητι
863 1804 935 1848 καὶ
972 1802 1113 1875 χάριτι
1149 1810 1227 1862 τῆς
1265 1807 1435 1863 ὁμιλίας
1472 1808 1524 1852 τὸ

135 1865 295 1921 πικρὸν
322 1868 400 1920 τῆς
432 1864 645 1919 τιμωρίας
676 1859 1058 1918 παραιτησάμενος
1088 1859 1290 1920 απελύθη
1318 1868 1408 1908 τῶν
1436 1881 1526 1910 κιν-

136 1922 298 1968 δύνων.

249 2002 321 2044 VI.
359 2001 435 2056 τῆς
464 1997 511 2043 δὲ
538 1999 656 2050 λείας
683 1999 775 2049 τοῖς
804 1994 1088 2051 στρατιώταις
1108 1998 1374 2053 μετέδωκαν,
1403 1999 1580 2055 &navego

135 2063 212 2119 τῆς
240 2075 288 2104 εκ
318 2061 407 2101 τῶν
436 2054 642 2112 πολέμων
672 2053 883 2111 ὠφελείας
904 2056 948 2098 οἱ
969 2056 1407 2112 διακινδυνεύσαντες
1428 2075 1524 2116 yw-

276 2161 355 2197 129.
380 2161 414 2196 3
444 2153 650 2214 Ρωμαίων]
677 2159 784 2192 immo
803 2154 1000 2211 Ρωμαῖον,

276 2209 353 2242 129.
378 2208 412 2242 3.
444 2201 640 2249 κωμῳδὸν]
668 2203 753 2239 Cod.
778 2202 964 2259 Κόμοδον.
999 2202 1100 2238 ΜΑῙ.

278 2255 359 2288 129.
385 2255 419 2288 3.
454 2240 737 2296 ἀγωνιζόμενον]
765 2251 850 2283 Cod
876 2244 1168 2306 αγωνιζομένων.
1200 2250 1298 2289 MAI.

278 2296 437 2334 12911.
472 2297 604 2342 ποίαν]
631 2299 745 2331 scribe
769 2292 894 2331 πᾶσαν
924 2298 977 2331 vel
1003 2294 1150 2333 ὁποίαν.

276 2346 355 2380 129.
383 2346 439 2379 13.
471 2341 742 2388 πιθανότητος]
765 2341 1034 2397 πυθανότητος
1057 2346 1113 2378 ed.
1139 2347 1241 2382 Rom.

276 2392 357 2425 129.
385 2392 440 2425 18.
472 2389 672 2433 κωμῳδοῦ]
699 2390 784 2423 cod.
809 2387 1001 2433 Κομόδου.
1036 2390 1133 2425 MAI.

278 2438 356 2472 129.
382 2437 437 2470 19.
472 2433 564 2478 εἷπε]
592 2437 720 2480 incipit
744 2436 878 2469 codicis
903 2448 938 2480 p.
957 2434 1037 2471 231.

276 2483 354 2518 199.
379 2483 436 2516 23.
470 2481 664 2525 φείσασθε]
692 2481 779 2516 Cod.
803 2481 1021 2524 φείσασθαι.
1054 2483 1151 2517 ΜΑΙ.

278 2530 356 2564 129.
379 2529 437 2563 26.
473 2526 657 2571 διάλυσιν]
682 2528 786 2561 immo
813 2525 997 2571 διάχυσιν.

230 2619 312 2655 129.
336 2618 371 2654 8.
412 2615 595 2654 ponendus
618 2617 730 2663 igitur
755 2616 921 2659 samnio,
953 2616 1032 2659 vel,
1063 2620 1102 2652 ut
1126 2615 1256 2652 Graeci
1287 2617 1532 2662 pronunciant,

142 2668 296 2707 Sannio,
318 2666 354 2699 in
378 2665 571 2699 illustribus
593 2664 751 2698 scenicae
769 2664 854 2697 artis
879 2664 973 2706 apud
990 2664 1171 2697 Romanos
1194 2664 1403 2699 nominibus.
1430 2665 1529 2700 MAI.

230 2712 393 2748 129.16.
438 2710 577 2755 Quippe
607 2710 679 2744 iam
714 2709 799 2742 socii
832 2708 946 2743 italici
978 2709 1118 2744 efferati
1148 2711 1318 2744 adversus
1352 2712 1532 2745 Romanos

139 2763 259 2799 erant,
283 2758 333 2792 ita
356 2760 396 2791 ut
421 2758 465 2792 ad
487 2754 746 2791 atrocissimum
768 2755 905 2789 bellum
931 2755 1114 2789 confestim
1138 2756 1326 2799 eruperint.
1362 2757 1460 2789 ΜΑΙ.

230 2784 311 2839 1'29
335 2802 392 2838 25.
425 2803 485 2837 Sic
503 2803 628 2837 Cicero
652 2801 688 2836 in
709 2801 807 2835 verr.
830 2802 858 2835 1.
881 2801 938 2835 ⁴1⁰.
962 2801 1021 2834 51.
1045 2801 1135 2835 ludit
1153 2802 1188 2834 in
1208 2801 1406 2836 nominibus
1429 2802 1534 2836 femi-

140 2861 205 2887 nae
224 2850 428 2886 Chelidonia
450 2852 486 2887 et
510 2848 614 2885 sartio
637 2846 756 2889 tectis,
779 2846 861 2893 quia
886 2846 1035 2884 hirundo
1060 2846 1095 2883 in
1120 2846 1218 2883 tectis
1241 2847 1409 2884 nidificat.
1433 2849 1530 2885 ΜΑΙ.

1227 2896 1258 2937 9
