1968 3346
395 257 478 296 174
532 251 832 295 EXCERPTA
863 250 1237 309 LEGATIONVM
1268 251 1624 294 XXXIV—XL.

390 362 530 407 αὐτοῦ
561 362 918 418 δολοφονηθέντα
948 361 1129 445 βασιλέα
1156 362 1235 417 τὴν
1255 361 1503 430 ἐπιγραφὴν
1530 360 1778 419 ἐποιήσατο.

302 422 357 464 45
389 420 462 464 διὰ
505 419 550 463 δὲ
579 419 738 492 ταύτης
768 423 843 475 τῆς
871 418 1086 488 πράξεως
1103 417 1318 470 ἀνέδειξεν
1356 418 1517 474 ἑαυτήν
1542 431 1780 490 μισοπονη-

391 481 560 529 ροῦσαν
590 477 657 519 ἐπὶ
683 493 734 533 τῃ
766 480 848 519 τοῦ
879 475 1036 526 παιδὸς
1061 473 1281 531 ἀναιρέσει
1308 476 1383 519 καὶ
1412 476 1576 531 δωρεας
1605 474 1780 533 ασεβῶν

303 566 360 605 32
389 532 569 588 ανδρών
599 532 653 577 οὔ
675 533 946 633 προςδεχομὶέ
950 549 1062 631 νην.δ
1551 592 1596 631 Σ

1094 604 1186 631 ειαν
1223 604 1266 631 οι
1596 605 1619 631 κ
1725 605 1750 631 ν

305 623 360 664 50
387 645 468 689 τόν
490 590 759 717 ’ἓᾳξιριέιῖιῗέν
779 589 1050 702 {zezissggffgz
1065 588 1565 717 ρκατασκεψῖᾗὲνοῖὸζὴν
1576 590 1782 702 &afflabunt

388 704 564 747 σιλείαν.
609 703 632 747 ὁ
665 703 711 747 δὲ
739 708 1011 758 Πτολεμαῖος
1039 701 1144 758 μετὰ
1179 702 1364 771 μεγαλης
1395 701 1690 773 ἀπαντήσεως
1706 703 1781 746 καὶ

304 761 358 805 55
387 765 665 816 παρασκευῆς
693 760 1037 814 προςδεξοὲμενος
1066 760 1169 808 τούς
1198 758 1361 813 α’νδρας
1390 758 1467 811 τάς
1496 776 1540 802 τε
1571 758 1780 811 ἑστιάσεις

385 817 670 868 πολυτελεῖς’
654 822 840 860 εποιεῖτο
871 817 943 859 καὶ
965 816 1018 859 τὰ
1041 818 1238 884 βασίλεια
1260 814 1482 871 περιάγων
1501 817 1847 862 ἐπεδείκνυτο630
1914 853 1919 857 .

386 875 462 917 καὶ
483 874 562 928 τήν
592 873 728 943 ἄλλην
752 874 832 929 την
858 872 1088 929 βασιλικήν
1113 872 1261 928 γάζαν.
1295 875 1338 916 οἱ
1367 874 1412 916 δὲ
1441 878 1530 916 τῶν
1554 872 1779 928 Ῥωμαίων

386 931 586 986 πρέσβεις
628 929 760 1000 ἀρετῇ
799 931 1082 985 διαφέροντες
1123 935 1214 979 τοῖς
1264 930 1343 985 μὲν
1389 933 1576 999 βρωτοῖς
1613 929 1779 986 ὀλίγοις

388 989 462 1030 καὶ
492 987 602 1041 πρὸς
631 987 784 1056 υγείαν
821 989 1085 1031 διατείνουσι
1107 986 1333 1055 χρώμενοι
1365 985 1676 1041 κατεφρόνουν
1704 992 1782 1044 τῆς

302 1051 359 1092 60
388 1047 690 1094 πολυτελείας,
741 1061 800 1094 ως
846 1041 1197 1100 διαφθειρούσης
1234 1044 1309 1087 καὶ
1345 1043 1493 1100 ψυχήν
1533 1044 1606 1086 καὶ
1646 1047 1780 1100 σῶμα.

387 1118 477 1171 των
518 1102 564 1144 δὲ
600 1101 688 1144 ὑπὸ
725 1105 807 1144 τοῦ
855 1101 1065 1171 βασιλέως
1103 1101 1455 1171 θαυμαζομένων
1494 1101 1541 1144 έν
1573 1101 1780 1171 παρέργῳ

384 1175 465 1213 την
494 1159 605 1201 θέαν
636 1176 695 1209 ως
734 1157 918 1208 ου’δενός
955 1156 1089 1210 ἀξίων
1125 1157 1413 1228 ποιησάμενοι
1455 1175 1508 1201 τα
1537 1158 1644 1209 θέας
1681 1157 1781 1209 ἄξια

387 1215 500 1285 πρὸς
531 1213 739 1270 αλὴθειαν
768 1214 1221 1282 ἐπολυπραγμόνησαν
1252 1213 1466 1286 ἀκριβῶς,
1501 1219 1583 1281 τῆς
1611 1214 1780 1265 πόλεως

303 1275 358 1317 65
387 1290 467 1328 την
494 1272 624 1315 θέσιν
652 1273 726 1315 καὶ
755 1272 803 1315 τό
834 1272 969 1341 βάρος
999 1273 1072 1314 καὶ
1101 1271 1177 1321 τὰς
1206 1288 1306 1326 περι
1333 1271 1410 1315 τὸν
1442 1271 1593 1324 Φάρον
1623 1271 1781 1341 ἰδιότη-

384 1346 482 1380 τας,
532 1329 642 1383 πρὸς
685 1330 731 1372 δὲ
770 1329 943 1379 τούτοις
981 1327 1329 1379 αναπλεύσαντες
1377 1330 1436 1379 εἰς
1475 1329 1664 1398 Μέμφιν
1698 1327 1781 1384 τὴν

386 1383 546 1439 ἀρετὴν
583 1389 660 1440 τῆς
696 1385 840 1440 χώρας
877 1386 949 1428 καὶ
980 1385 1056 1435 τοὶς
1093 1385 1203 1428 κατα
1233 1385 1310 1428 τὸν
1342 1389 1511 1428 Νεῖλον
1539 1384 1780 1438 εὐκαιρίας,

384 1442 434 1486 τό
451 1450 509 1484 τε
549 1446 721 1497 πλῆθος
751 1446 840 1484 τῶν
875 1440 972 1484 κατ’
1004 1444 1229 1510 Αἴγυπτον
1265 1441 1437 1486 πόλεων
1466 1442 1539 1485 καὶ
1568 1459 1646 1493 τας
1676 1440 1780 1485 ἀνα-

386 1496 630 1567 ριθμήτους
665 1503 755 1541 τῶν
791 1497 1037 1553 οἰκητόρων
1071 1497 1286 1553 μυριάδας
1316 1500 1389 1542 καὶ
1418 1502 1499 1554 τὴν
1535 1497 1781 1567 ὀχυρότητα

300 1561 357 1601 70
385 1561 461 1625 τῆς
489 1554 715 1611 Αἰγύπτου
746 1556 820 1599 καὶ
849 1556 929 1610 την
957 1555 1065 1623 ὅλην
1093 1560 1168 1610 τῆς
1197 1554 1341 1610 χώρας
1369 1555 1609 1612 ύπεροχην,
1640 1555 1699 1607 ὠς
1729 1557 1779 1599 εὐ

385 1613 595 1656 διάκειται
623 1613 736 1667 πρὸς
766 1612 1000 1667 ἡγεμονίας
1031 1610 1273 1667 ἀσφάλειάν
1302 1629 1346 1655 τε
1375 1613 1449 1655 καὶ
1478 1615 1674 1681 μέγεθος.
1705 1613 1780 1656 καὶ

384 1670 695 1724 θαυμάσαντες
724 1687 776 1712 τα
800 1668 948 1725 πλήθη
972 1685 1063 1711 των
1093 1668 1424 1712 κατοικούντων
1454 1668 1531 1742 την
1549 1671 1780 1739 Αίγυπτον

383 1745 457 1770 και
478 1744 529 1769 τα
553 1744 640 1769 των
661 1743 807 1769 τοπων
836 1724 1143 1780 έπιτεύγματα,
1175 1727 1380 1780 διέλαβον
1404 1728 1608 1782 μεγίστην
1626 1743 1779 1782 ηγεμο-

385 1787 486 1828 νίαν
511 1783 731 1827 δύνασθαι
757 1787 1032 1852 συσταθῆναι
1048 1781 1262 1840 τυχούσης
1285 1787 1360 1839 τῆς
1381 1785 1602 1838 βασιλείας
1620 1783 1780 1839 ταύτης

300 1842 355 1885 75
388 1842 436 1892 ἀς
423 1843 521 1883 ίων
556 1845 644 1884 τῶν
672 1839 912 1909 ἡγεμόνων.
956 1841 1000 1882 οἱ
1037 1856 1116 1894 μεν
1155 1842 1239 1882 οὐν
1275 1841 1537 1894 πρεσβευταὶ
1575 1852 1780 1883 κατασκε-

386 1907 437 1946 ch
435 1899 575 1941 ἓιιειοι
616 1898 669 1941 τοὶ
709 1915 819 1940 κατα
859 1914 940 1952 την
969 1898 1197 1951 Αίγυπτον
1237 1897 1304 1939 ἐπὶ
1344 1896 1536 1951 Κύπρου
1574 1895 1780 1940 κακεῖθεν

387 1942 456 1999 ἐπί
486 1956 656 2009 Συρίας
683 1954 762 2008 τὴν
799 1952 1033 2009 ἀναγωγὴν
1061 1952 1340 2024 ἐποιήσαντο.
1378 1953 1580 1997 καθόλου
1620 1954 1666 1997 δὲ
1703 1971 1779 1998 και

387 2013 440 2056 τὰ
468 2017 643 2055 πλειστα
674 2012 781 2068 μέρη
811 2028 887 2066 της
907 2009 1163 2066 οἰκουμένης
1187 2011 1400 2066 έπηλθον,
1430 2012 1505 2054 καὶ
1535 2009 1654 2064 παρὰ
1671 2015 1780 2055 πᾶσι

302 2073 356 2114 80
388 2068 601 2125 σώφρονα
655 2069 730 2112 καὶ
773 2067 1036 2139 θαυμαστήν
1082 2067 1373 2122 ποιησάμενοι
1416 2084 1524 2138 την
1546 2067 1780 2124 ἐπιδημίαν

384 2126 518 2182 μέγα)
524 2143 572 2181 ης
609 2125 830 2181 αποδοχης
867 2125 1064 2195 ἔτυχον,
1081 2124 1156 2168 καὶ
1184 2124 1238 2166 τὰ
1267 2129 1444 2168 πλεῖστα
1473 2123 1582 2180 μέρη
1610 2128 1685 2181 τῆς
1717 2127 1778 2168 οἰ-

383 2184 599 2239 κουιιένης
626 2181 936 2238 ἐπεληλυθότες
972 2178 1064 2236 μετ’
1096 2180 1313 2252 εὐφημίας
1341 2181 1430 2224 ύπό
1463 2198 1643 2225 παντων
1672 2191 1778 2236 συμ-

385 2239 674 2309 φωνουμένης
702 2239 966 2307 ἐπανῆλθον.
1007 2241 1097 2281 τῶν
1115 2237 1207 2307 γὰρ
1238 2237 1429 2308 ἐχόντων
1457 2238 1534 2289 τὰς
1553 2238 1775 2311 ‚ampcgssq-

384 2299 483 2353 τ.]σε
477 2314 524 2347 -ις
556 2296 634 2346 οὓς
665 2313 744 2352 μεν
773 2294 1073 2365 διηλλάχεισαν
1100 2292 1327 2350 αλλήλοις,
1368 2294 1447 2346 οὓς
1477 2294 1517 2339 δ’
1550 2295 1777 2339 ἐπεπείκει·

302 2361 355 2403 85
388 2367 470 2397 σαν
491 2372 544 2397 τα
568 2355 715 2397 δίκαια
735 2357 915 2422 ποιῆσαι
941 2355 1034 2401 τοῖς
1055 2350 1308 2406 ἐγκαλοῦσι,
1335 2353 1439 2403 τοὺς
1468 2351 1514 2395 δε
1545 2351 1775 2408 αναισχυν-

381 2415 569 2461 τοῦντας
590 2408 663 2453 δια
685 2414 762 2466 τῆς
785 2425 980 2465 αναγκης
999 2408 1376 2464 κατεστάλκεισαν,
1405 2408 1512 2461 τούς
1534 2410 1581 2453 δὲ
1604 2412 1774 2461 δυςδια-

381 2503 438 2539 416.
473 2500 616 2546 δωρεὰς
648 2501 711 2542 Μ,
743 2497 867 2546 δωρεαὶ
892 2500 924 2535 V
1084 2501 1143 2537 47.
1177 2499 1472 2547 προςδεχομένην
1507 2499 1774 2546 Wesselingius,

380 2548 651 2593 προςδεχομέιη
676 2548 706 2580 V

473 2596 554 2630 630.
579 2595 636 2629 57.
662 2593 698 2629 οι
722 2591 762 2629 δε
781 2594 840 2637 Μ,
866 2593 903 2629 οἳ
927 2594 960 2629 V
1111 2592 1167 2628 58.
1190 2595 1347 2651 βρωτοῖς
1371 2594 1428 2635 Μ,
1453 2594 1612 2638 βρωτοῖς
1635 2594 1715 2633 τοῖς
1737 2591 1772 2628 V

472 2643 529 2675 62.
556 2639 669 2684 αξίων
692 2651 939 2684 ποιησαμενοι
962 2639 1148 2683 Reiskius,
1182 2639 1291 2682 οῗξίαν
1322 2640 1582 2685 ποιησαμένων
1605 2638 1678 2673 MV

384 2689 443 2723 64.
467 2689 514 2742 βι·’
505 2701 582 2731 ρος
611 2689 649 2721 Μ
676 2687 826 2728 Suidas,
856 2686 981 2731 βάθος
1005 2687 1037 2720 V
1191 2687 1248 2722 67.
1275 2688 1413 2722 Νεῖλον
1437 2698 1508 2722 om.
1532 2686 1572 2719 M
1711 2697 1772 2720 εν-

384 2749 532 2778 καιριας
558 2735 594 2767 Ἀ
613 2734 752 2775 sufflas,
775 2732 982 2778 εύκαιρείας
1001 2734 1031 2766 V
1131 2732 1189 2769 72.
1213 2731 1279 2777 τὴν
1304 2734 1400 2768 addit
1422 2734 1462 2767 Μ
1563 2730 1619 2764 79
1643 2728 1770 2775 ἐπιδη-

382 2784 472 2825 μίαν
497 2782 580 2815 Βοὴ
570 2781 660 2814 kius
671 2808 680 2821 ,
707 2779 921 2838 ἀποδημίαν
945 2780 1016 2814 MV
1130 2779 1188 2814 83.
1213 2777 1469 2823 διηλλαχεισαν
1493 2778 1552 2820 Μ,
1577 2777 1769 2834 διηλλάγη-

384 2829 499 2863 aavV
638 2827 695 2863 Si.
721 2825 761 2863 δ’
785 2825 1035 2864 ἐπεπείκεισαν
1058 2825 1112 2863 ed.
1137 2827 1306 2870 Wessel„
1331 2824 1369 2862 δ’
1393 2825 1635 2870 ἐπεπείκησαν
1660 2826 1701 2871 V,
1727 2819 1770 2861 δε

381 2876 598 2910 πεπείκεσαν
618 2874 658 2909 Μ
