1968 3346
463 194 522 234 82
591 188 892 234 EXCERPTA
927 187 998 230 ΒΕ
1018 186 1182 230 ¹VIRT
1212 187 1288 228 ET
1319 186 1431 229 VIT.
1460 187 1508 227 L.
1539 187 1743 231 V1.-.-x.

466 300 753 356 ἀποκρίσεσιν
781 298 843 343 έτι
872 299 918 343 δὲ
956 299 1245 370 συμβουλίαις
1273 299 1532 356 θαυμαστός
1559 300 1766 359 ἐτύγχανε
1795 303 1869 348 διὰ

465 360 546 416 τὴν
574 358 624 401 ἐν
651 358 827 428 παιδείᾳ
845 355 1104 427 προκοπήν.

568 413 668 457 ΓὈτι
696 413 721 457 ὁ
752 412 884 464 αὐτὸς
912 413 1095 464 Σόλων,
1131 413 1218 483 τήν
1250 411 1359 469 ὅλην
1389 409 1565 484 ἀγωγὴν
1595 417 1673 468 τῆς
1700 415 1871 468 πόλεως

469 470 652 542 ἐχούσης
686 469 906 540 Ἰωνικήν,
945 471 1019 514 καὶ
1057 468 1131 513 διὰ
1170 468 1251 526 τὴν
1289 470 1466 526 τρυφὴν
1493 470 1564 513 καὶ
1594 471 1676 527 τὴν
1707 473 1872 530 ῥᾳστώ-

384 532 439 573 55
467 544 551 583 νην
589 526 944 597 ἐκτεθηλυμένων
979 529 1070 569 τῶν
1109 524 1371 597 Ἀθηναίων,
1412 527 1620 583 μετέθηκε
1654 532 1709 585 τῇ
1732 541 1872 599 συνη-

454 586 567 642 θείᾳ
595 583 708 638 πρὸς
739 582 894 652 ἀρετὴν
922 583 996 625 καὶ
1037 586 1168 638 ζῆλον
1201 587 1288 626 τῶν
1327 582 1626 638 ἀνθρωπίνων
1655 585 1870 640 πράξεων.

463 629 555 685 διὸ
580 657 634 697 τη
681 638 845 684 τούτου
895 641 1139 697 νομοθεσίᾳ
1189 642 1562 692 καθοπλισθέντες
1606 642 1682 692 τὰς
1728 642 1872 713 ψυχὰς

460 696 692 766 Ἁρμόδιος
730 697 805 740 καὶ
837 694 1163 751 Ἀριστογείτων
1199 696 1437 741 καταλύειν
1477 699 1759 756 ἐπεχείρησαν
1786 698 1870 756 τὴν

463 759 554 798 τῶν
583 755 956 806 Πεισιστρατιδῶν
985 752 1136 812 ἀρχήν.

564 810 665 855 Ὀτι
694 810 870 853 Μύσων
898 827 964 861 τις
991 813 1050 865 ἠν
1078 808 1303 863 Μαλιεύς,
1335 810 1384 862 ὃς
1414 809 1517 882 ω’κει
1548 828 1596 855 εν
1624 811 1751 870 κώμῃ
1783 816 1869 868 Χη-

1948 532 1955 575 „-
1942 498 1956 519 ,Α
1943 401 1963 488 ”feo-f
1937 346 1964 387 ζ..

380 877 436 917 60
464 885 546 919 νας
576 865 848 937 καλουμένῃ,
877 868 957 910 τὸν
987 868 1160 910 ἅπαντα
1189 866 1352 937 χρόνον
1388 867 1436 911 έν
1467 867 1588 938 ἀγρῷ
1627 849 1960 942 διατρίβων55ὲζ

464 926 540 970 καὶ
575 922 664 967 υπὸ
703 927 793 966 τῶν
837 927 1015 967 πολλῶν
1060 923 1373 980 ἀγνοούμενος.
1419 924 1473 968 ὃν
1511 914 1761 983 ἀντειςῆξαν
1809 927 1870 976 εἰς

464 998 573 1032 τους
600 979 708 1024 επτὰ
737 980 929 1050 σοφούς,
958 981 1234 1036 ἓκκρίναντες
1261 981 1341 1025 τόν
1372 983 1655 1052 Περίανδρον
1681 985 1760 1026 τόν
1782 985 1870 1026 Κο-

467 1039 647 1108 ρι’νθιον
680 1038 754 1080 διὰ
780 1036 829 1080 τὸ
859 1037 1081 1108 τύραννον
1108 1038 1339 1107 γεγονέναι
1366 1038 1538 1092 πικρόν.

380 1101 436 1145 65
566 1093 666 1137 ’Ότι
693 1095 844 1137 Χίλων
872 1099 935 1150 τῷ
963 1092 1081 1164 λόγῳ
1113 1095 1358 1164 σύμφωνον
1388 1095 1482 1151 ε’σχε
1511 1095 1590 1139 τὸν
1619 1097 1734 1166 βίον,
1763 1095 1870 1149 ὅπερ
1936 1098 1939 1100 ’

466 1151 664 1220 σπανίως
703 1150 848 1220 εὕροι
865 1167 930 1202 τις
970 1151 1025 1193 ὂὶν
1062 1150 1311 1208 γινόμενον.
1355 1168 1444 1195 των
1483 1151 1567 1207 γάρ
1607 1150 1713 1196 καθ’
1755 1152 1872 1221 ἡμᾶς

466 1207 731 1264 φιλοσόφων
773 1205 878 1258 τοὺς
915 1210 1145 1260 πλείστους
1185 1211 1296 1252 ἰδεῖν
1335 1209 1424 1252 ἔστι
1463 1208 1673 1264 λέγοντας
1709 1225 1789 1263 μεν
1817 1225 1871 1251 τα

466 1265 700 1315 κάλλιστα,
736 1263 1011 1334 πράττοντας
1048 1265 1094 1308 δὲ
1135 1266 1189 1308 τὰ
1225 1267 1439 1336 χείριστα,
1477 1265 1552 1309 καὶ
1587 1266 1668 1322 τὴν
1703 1265 1750 1308 ἐν
1778 1270 1875 1315 ταῖς

381 1332 439 1372 70
468 1321 752 1378 ἀπαγγελίαις
792 1319 941 1364 αυτῶν
979 1322 1223 1377 σεμνότητα
1258 1324 1333 1366 καὶ
1373 1321 1552 1366 σύνεσιν
1582 1298 1655 1365 διὰ
1682 1326 1759 1377 τ-ἧς
1787 1323 1875 1364 πεί-

468 1396 564 1450 ρας
579 1377 876 1434 ἐλεγχομένην.
919 1375 944 1421 ὁ
985 1379 1031 1421 δὲ
1062 1381 1211 1421 Χίλων
1250 1380 1381 1435 χωρὶς
1418 1396 1496 1435 της
1525 1378 1637 1422 κατὰ
1665 1378 1744 1422 τὸν
1773 1380 1874 1434 βίον

466 1453 514 1479 εν
545 1435 681 1478 ἅπασι
709 1439 802 1485 τοῖς
845 1435 1163 1504 πραττομένοις
1205 1436 1360 1492 ἀρετῆς
1388 1435 1528 1480 πολλα
1558 1434 1771 1491 διενοήθη
1801 1435 1875 1479 καὶ

467 1491 777 1563 ἀπεφθέγξατο
809 1492 989 1561 μνήμης
1012 1491 1124 1543 ἄξια.

568 1548 666 1591 ΓὈτι
707 1548 926 1598 Πιττακὸς
965 1542 990 1591 6
1030 1552 1338 1604 Μιτυληναῖος
1376 1547 1430 1592 οὐ
1468 1547 1612 1605 μόνον
1648 1549 1696 1591 έν
1733 1548 1873 1604 σοφία

383 1613 439 1655 75
468 1603 728 1675 θαυμαστός
759 1606 839 1674 ἠν,
879 1603 990 1648 ἀλλα
1028 1606 1102 1649 καὶ
1137 1607 1314 1661 πολίτης
1343 1605 1518 1676 ἐγένετο,
1541 1609 1744 1655 τοιοῦτος
1774 1608 1874 1648 οἱον

467 1663 619 1716 ετερον
648 1659 732 1705 οὐκ
750 1660 953 1731 ἤνεγκεν
986 1660 1014 1717 ἡ
1044 1667 1199 1724 νῆσος,
1239 1665 1358 1706 δοκω
1389 1660 1432 1705 6'
1467 1660 1568 1705 οὐδ’
1598 1661 1656 1704 ἂν
1683 1661 1874 1715 ύστερον

468 1719 668 1774 ενέγκαι,
709 1716 833 1774 μέχρι
873 1717 931 1761 ἂν
966 1719 1047 1761 τόν
1086 1725 1212 1763 οἰνον
1242 1719 1357 1775 φέρῃ
1389 1721 1524 1762 πλείω
1563 1734 1608 1762 τε
1642 1735 1718 1762 και
1745 1717 1871 1774 ἡδίω.

466 1775 734 1845 νομοθέτης
748 1791 792 1818 τε
835 1776 920 1830 γὰρ
963 1773 1134 1846 ἀγαθρς
1172 1775 1337 1832 υπῆρχε
1367 1775 1451 1819 κάν
1479 1781 1572 1826 τοῖς
1601 1776 1712 1819 κατὰ
1739 1775 1874 1848 μέρος

467 1833 580 1888 πρὸς
620 1848 727 1882 τους
762 1833 943 1883 πολίτας
978 1833 1130 1883 κοινὸς
1174 1834 1247 1876 καὶ
1290 1832 1628 1903 φιλάνθρωπος,
1679 1833 1754 1875 καὶ
1793 1830 1875 1886 τὴν

385 1904 440 1944 30
470 1891 660 1944 πατρίδα
687 1905 824 1942 τριων
851 1893 939 1932 τῶν
967 1892 1181 1946 μεγίστων
1210 1894 1456 1946 συμφορῶν
1485 1888 1687 1942 ἀπέλυσε,
1717 1903 1875 1944 τυραν-

469 1949 615 1997 νίδος,
645 1944 856 1997 στάσεως,
883 1947 1093 2014 πολέμου.

571 2000 670 2046 ’Ότι
701 2002 918 2054 Πιττακὸς
947 2003 1093 2058 βαθυς
1126 1998 1186 2072 ᾖν
1213 2003 1287 2046 καὶ
1315 2002 1478 2060 ήμερος
1508 2001 1582 2045 καὶ
1605 2001 1690 2073 τὴν
1717 2001 1876 2056 παραί-

470 2071 595 2130 τησιν
624 2060 734 2115 ε’χων
773 2058 906 2110 αὐτὸς
945 2060 993 2103 ἐν
1023 2060 1157 2131 αὑτῷ.
1191 2060 1261 2104 διὸ
1298 2061 1350 2116 δὴ
1380 2063 1515 2103 πᾶσιν
1544 2058 1686 2102 ἐδόκει
1713 2059 1875 2109 τέλειος
1937 2067 1943 2107 ξ

386 2130 441 2171 85
471 2117 584 2187 ἀνὴρ
615 2123 730 2160 εἰναι
757 2116 868 2172 πρὸς
896 2120 1042 2160 πασαν
1070 2115 1230 2174 ἀρετὴν
1259 2114 1634 2172 ὁμολογουμένως.
1663 2114 1775 2159 κατὰ
1794 2116 1876 2171 μὲν
1937 2120 1940 2131 “

470 2191 555 2230 γαρ
573 2172 676 2243 τὴν
713 2175 985 2243 νομοθεσίαν
1029 2174 1233 2229 ἐφαίνετο
1273 2173 1496 2243 πολιτικὸς
1530 2173 1606 2216 καὶ
1643 2171 1877 2227 φρόνιμος,

471 2248 583 2275 κατα
616 2231 662 2273 δὲ
691 2229 771 2300 τὴν
799 2233 947 2273 πίστιν
977 2232 1168 2282 δίκαιος,
1199 2247 1311 2274 κατα
1341 2231 1387 2274 δὲ
1417 2229 1499 2286 τὴν
1528 2230 1576 2273 έν
1605 2234 1704 2281 τοῖς
1721 2228 1875 2279 ὅπλοις

475 2286 693 2343 ὑπεροχὴν
733 2285 958 2341 ἀνδρεῖος,
997 2304 1109 2331 κατα
1142 2287 1188 2332 δὲ
1228 2287 1310 2344 τὴν
1335 2287 1450 2343 πρὸς
1478 2284 1528 2329 τὸ
1558 2286 1714 2342 κέρδος
1742 2301 1875 2342 μεγα-

474 2347 690 2398 λοψυχίαν
720 2342 1039 2399 ἀφιλάργυρος.

391 2415 449 2456 90
579 2400 679 2443 “On
708 2401 845 2470 φασὶν
871 2403 916 2443 οἱ
946 2405 1153 2456 Πριηνεῖς
1183 2399 1252 2444 ότι
1277 2400 1533 2454 Μεσσηνίας
1552 2398 1603 2443 τὸ
1630 2398 1757 2454 γένος
1786 2398 1874 2441 ἐπι-

477 2455 645 2514 σήμους
679 2455 932 2513 παρθένους
971 2456 1304 2515 λυτρωσάμενος
1343 2455 1367 2501 ὁ
1407 2458 1516 2508 Βίοις
1543 2455 1664 2512 παροὶ
1701 2458 1875 2513 λῃστων
1965 2492 1968 2516 4

474 2578 533 2614 55.
560 2577 827 2637 ἀνθρωπίνων]
853 2580 1023 2615 sententia
1052 2583 1203 2625 postulat
1228 2581 1428 2628 αρρενωπο
1433 2594 1473 2624 ν,
1508 2582 1566 2615 vel
1594 2590 1685 2624 quae
1706 2577 1872 2613 Reiskius

474 2626 718 2661 hariolabatur
751 2624 935 2670 ἀνδρείων
967 2639 994 2662 ε.
1019 2625 1225 2670 ἄνδρωδων
1386 2629 1444 2663 59.
1481 2630 1519 2662 Χ
1516 2627 1623 2672 ηνοές]
1657 2625 1708 2666 εἰς
1738 2623 1871 2669 κώμην

476 2671 608 2716 Χηνοὶς
630 2672 862 2719 καλουμένην
879 2685 914 2707 es
917 2674 1031 2708 tExc.
1053 2675 1166 2710 Vatic.
1189 2687 1223 2719 p.
1241 2674 1299 2709 18.
1324 2674 1393 2717 25,,
1417 2674 1478 2708 hic
1501 2680 1646 2717 uterque
1668 2683 1767 2708 casus
1788 2683 1871 2717 pet-
1913 2715 1919 2720 ὓ

476 2719 543 2752 mis
546 2723 642 2752 cetur

565 2764 645 2799 552.
667 2766 725 2800 69.
766 2763 1001 2822 ἀπαγγελίαις
1042 2766 1143 2799 Ψοεε
1130 2767 1317 2812 selingius,
1359 2764 1588 2812 {natael-lons
1619 2764 1650 2798 V
1811 2762 1869 2797 73

478 2811 660 2853 Πίττακος
684 2813 714 2846 V
850 2812 908 2848 83.
934 2809 1050 2860 αὐτω]
1075 2810 1179 2861 αὐτῷ
1203 2815 1232 2847 V

1941 951 1956 1003 ι

1934 1007 1961 1200 ἕ
