1968 3346
449 220 748 264 EXCERPTA
773 219 966 262 PHOTH
993 219 1244 264 L.XXX11.
1477 224 1536 265 43

30 330 32 343 ²
90 334 262 379 ὄὲοδών.
291 328 421 384 οὗτος
449 331 660 402 ἐγχώριον
690 330 895 386 ’Λραβίαν
929 334 1118 401 γυναῖκα
1141 329 1281 386 γήμας
1308 331 1535 389 ἐγέννησεν
1566 337 1619 379 15

799 391 818 399 u

158 391 260 435 υἱὸν
295 391 373 446 μὲν
413 388 649 461 ὁμώνυμον
676 387 841 457 ἕαυτῳ,
884 386 1107 460 θυγατέρα
1136 387 1182 431 δὲ
1210 387 1289 443 τὴν
1315 404 1538 459 προςαγο-

158 443 394 502 ρευθεῖσαν
425 445 627 498 Ἠραΐδα.
664 444 744 488 τὸν
785 444 864 500 μὲν
902 449 985 487 οῦν
1027 443 1129 487 υἱὸν
1168 444 1253 513 πρὸ
1293 449 1373 515 τῆς
1398 443 1537 501 ἀκμῆς

158 504 298 547 ἐπεῖδε
341 502 673 558 τελευτήσαντα,
712 499 791 554 τὴν
829 501 874 544 δὲ
910 500 1132 570 θυγατέρα
1167 500 1310 556 γάμου
1350 501 1536 572 ἔχουσαν

159 559 282 615 ω’ραν
305 561 549 626 προικίσας
562 556 854 614 συγκατῴκισέ
882 574 969 600 τινι
1000 555 1141 626 όνομα
1165 557 1382 627 Σαμιαδῃ.
1406 553 1537 609 οὗτος

158 617 239 672 μὲν
268 619 352 660 οὐν
378 613 630 684 συμβιώσας
657 631 710 670 τῃ
738 615 993 685 γαμηθείσῃ
1001 612 1165 684 χρόνον
1186 612 1411 658 ἐνιαύσιον
1438 613 1536 658 οἷπε-
1565 621 1620 661 20

158 673 322 745 δήμησε
350 672 522 728 μακρὰν
551 668 811 739 ἀποδημίαν.
841 669 921 726 τὴν
951 667 993 713 δ’
1022 669 1206 724 Ἡραίδα
1234 671 1372 741 φασὶν
1401 668 1537 727 ἆῤῥω-

157 731 257 787 στίᾳ
301 733 560 801 περιπεσεῖν
585 726 820 796 παραδόξῳ
856 727 932 770 καὶ
967 730 1187 778 παντελως
1225 726 1536 797 οἷπιστουμένῃ.

158 774 409 857 φλεγμονὴν
433 785 515 840 γὰρ
545 782 728 853 ἰσχυρὰν
765 783 968 852 γενέσθαι
1003 784 1102 838 περὶ
1135 782 1186 827 τὸ
1221 786 1358 840 ἠτρον
1387 781 1536 840 αὐτῆς.

156 841 225 886 ἐπὶ
262 842 396 885 πλέον
435 842 483 885 δὲ
519 839 776 896 οἰδήσαντος
798 844 886 884 τοῦ
914 838 1076 891 τόπου,
1118 839 1264 884 ἔπειτα
1291 844 1381 884 τοῖν
1408 855 1538 895 πυρε-

154 901 245 941 τῶν
282 897 480 968 μεγάλων
517 897 944 952 συνεπιγινομένων,
987 896 1281 948 καταδοξάσαι
1323 896 1427 948 τοὺς
1466 899 1537 941 ἰα-
1567 901 1622 944 25

154 954 298 1024 τρούς
319 954 500 998 ἕλκωσιν
527 955 754 1024 γεγονέναι
781 954 877 1008 περὶ
907 953 987 997 τόν
1005 951 1230 1014 τράχηλον
1257 958 1334 1010 τῆς
1363 952 1538 1010 μήτρας.

153 1010 393 1067 χρωμένων
431 1010 478 1055 δὲ
507 1008 656 1053 αυτῶν
691 1012 946 1079 θεραπείαις
976 1013 1044 1060 αἱς
1063 984 1380 1080 ὑπελάμβανον
1404 1027 1542 1054 κατα-

157 1069 347 1111 στέλλειν
373 1067 451 1118 τὰς
480 1066 736 1123 φλεγμονας,
768 1067 1002 1123 έβδομαίας
1031 1064 1073 1110 δ’
1108 1064 1269 1123 οὔσης,
1302 1068 1425 1122 ῥῆξιν
1453 1067 1541 1110 ἐπι-

155 1124 358 1178 γενέσθαι
395 1129 471 1180 τῆς
522 1124 799 1178 ἐπιφανείας,
841 1125 916 1167 καὶ
955 1127 1188 1177 προπεσεῖν
1236 1124 1283 1167 ἐκ
1328 1127 1417 1167 τῶν
1465 1128 1541 1179 τῆς

152 1181 358 1236 ἹῙραῖδος
405 1183 680 1250 γυναικείων
716 1182 887 1224 αἰδοῖον
928 1178 1134 1234 ανδρεῖον
1178 1180 1279 1236 ἔχον
1326 1177 1540 1236 διδύμους
1568 1190 1624 1230 30

155 1237 501 1293 προςκειμένους.
530 1237 610 1293 τήν
639 1236 686 1280 δὲ
692 1237 838 1308 ρῆξιν
866 1237 1035 1281 τούτων
1061 1237 1136 1280 καὶ
1165 1237 1215 1280 τὸ
1244 1234 1387 1288 πάθος
1411 1238 1540 1307 γενέ-

156 1300 264 1338 σθαι
301 1294 406 1350 μήτε
426 1295 599 1363 ἰατροῦ
642 1292 745 1349 μήτ’
785 1293 928 1338 α’λλων
976 1309 1066 1337 των
1105 1292 1266 1343 ἔξωθεν
1303 1293 1549 1347 παρόντων

157 1350 270 1406 πλὴν
299 1349 460 1406 μητρός
499 1351 573 1394 καὶ
603 1350 684 1393 δύο
714 1352 1050 1406 θεραπαινίδων.
1095 1349 1190 1393 τότε
1220 1351 1298 1406 μὲν
1329 1355 1411 1394 οὐν
1441 1349 1539 1406 ἄχα-

157 1413 249 1458 νεῖς
286 1407 541 1476 γενομένας
540 1405 624 1450 διὰ
651 1407 700 1450 τό
731 1407 984 1459 παράδοξον
1020 1405 1099 1461 τήν
1142 1407 1425 1464 ἐνδεχομένην
1453 1407 1539 1451 ἐπι·
1568 1412 1624 1455 35

158 1464 331 1519 μέλειαν
359 1463 630 1534 ποιήσασθαι
657 1468 733 1519 τῆς
755 1463 982 1518 Ηραΐδος,
1023 1464 1095 1507 καὶ
1135 1470 1462 1534 κατασιωπῆσαι
1490 1464 1541 1508 τὸ

157 1521 351 1576 γεγονός.
379 1521 459 1576 τὴν
490 1521 534 1563 δὲ
563 1519 863 1564 ἀπολυθεῖσαν
892 1525 968 1577 τῆς
997 1520 1135 1562 νόσου
1165 1520 1244 1576 τὴν
1255 1495 1432 1594 ”¹5535w
1463 1538 1541 1577 φο-

157 1583 253 1631 ρεῖν
291 1578 565 1632 γυναικείαν,
608 1578 682 1619 καὶ
718 1577 797 1631 τὴν
835 1577 978 1644 ἄλλην
1014 1575 1186 1632 αγωγην
1229 1579 1440 1632 οίκουρον
1467 1579 1542 1622 καὶ

156 1634 389 1688 ὕπανδρον
410 1631 730 1688 διαφυλαττειν.
762 1636 949 1677 καταδο
930 1631 1130 1703 ἄξεσθαι
1150 1634 1194 1677 δε
1220 1633 1309 1677 ὑπὸ
1332 1651 1420 1678 των
1442 1647 1541 1678 συν-

158 1690 338 1734 ειδότων
375 1689 459 1760 τὴν
492 1690 763 1760 περιπέτειαν
792 1689 1115 1759 έρμαφρόδιτον
1154 1688 1289 1740 εἶναι,
1329 1693 1404 1735 καὶ
1431 1708 1541 1735 κατα
1571 1695 1626 1738 40

156 1746 238 1819 τὴν
256 1746 545 1816 γεγενημένην
561 1744 647 1801 μετ’
677 1744 838 1801 ανδρός
867 1749 1124 1815 συμβίωσιν,
1160 1751 1237 1802 τῆς
1265 1747 1375 1791 κατὰ
1406 1748 1543 1804 φύσιν

158 1803 395 1858 ἐπιπλοκῆς
417 1802 802 1859 αντιπραττούσης,
834 1806 980 1847 δοκεῖν
1009 1801 1147 1857 αὐτὴν
1175 1809 1270 1855 ταῖς
1293 1801 1544 1859 ἀρρενικαῖς

158 1865 510 1929 συμπεριφοραῖς
540 1865 891 1927 καθωμιλῆσθαι.
932 1859 1241 1915 λανθανούσης
1270 1860 1316 1903 δὲ
1345 1878 1450 1913 τους
1478 1862 1543 1906 ἐκ-

158 1916 232 1967 τὸς
260 1921 337 1986 τῆς
367 1917 600 1965 διαθέσεως
629 1915 785 1972 ταύτης
811 1918 1067 1960 ἐπανελθεῖν
1095 1917 1172 1960 τὸν
1193 1917 1439 1988 Σαμιαδην,
1469 1919 1542 1962 καὶ

157 1972 357 2027 καθάπερ
385 1975 441 2044 ἠν
470 1972 704 2044 ἐπιβάλλον
720 1990 800 2029 την
817 1978 1090 2041 γαμηθεῖσαν
1119 1973 1341 2042 ἐπιζητεῖν·
1365 1992 1419 2018 ου
1450 1980 1542 2019 τολ-
1571 1994 1628 2036 45

161 2029 314 2099 μωσης
335 2028 371 2073 δ’
401 2029 565 2101 ἐκείνης
596 2032 654 2080 εἰς
684 2028 788 2082 ὄψιν
817 2031 959 2074 ἐλθεῖν
986 2028 1058 2073 δια
1089 2029 1168 2086 τὴν
1199 2031 1432 2101 αἰσχύνην,
1462 2032 1543 2076 τόν

164 2085 397 2142 Σαμιαδην
428 2088 536 2156 φασὶ
566 2087 734 2154 βαρέως
766 2087 966 2157 ἐνεγκεῖν.
997 2086 1268 2142 ἐπικειμένου
1299 2088 1344 2131 δὲ
1374 2089 1544 2160 συνεχέ-

162 2156 317 2198 στερον
357 2143 430 2187 καὶ
459 2142 749 2213 απαιτοῦντος
785 2144 864 2200 τὴν
903 2143 1114 2198 σύμβιον,
1154 2145 1228 2186 καὶ
1262 2148 1342 2188 τοῦ
1379 2145 1545 2200 πατρὸς

162 2199 221 2256 μὴ
249 2204 593 2274 συγχωροῦντος
605 2201 702 2254 μέν,
747 2199 1061 2270 αἰσχυνομένου
1105 2199 1150 2243 δὲ
1189 2217 1270 2257 την
1308 2203 1450 2245 αἰτίαν
1489 2205 1544 2246 εἰ·
1574 2220 1628 2263 50

162 2263 273 2310 πεῖν,
300 2260 363 2308 εἰς
389 2257 496 2313 μέγα
514 2256 665 2312 ηὔξετο
687 2255 714 2313 ἡ
735 2256 941 2335 διαφορά.
966 2257 1209 2313 ἐπενεγκεῖν
1239 2274 1283 2302 τε
1308 2258 1382 2302 διὰ
1409 2264 1542 2304 τοῦτο

225 2408 227 2410 ·
223 2384 417 2426 52θ.15.
441 2391 526 2428 υἱόν
550 2406 616 2437 μεν
638 2393 680 2435 A,
706 2394 835 2428 caeteri
850 2388 941 2437 μὲν
948 2393 1034 2429 νίῐν
1160 2394 1216 2431 19.
1244 2395 1304 2430 Σα
1303 2393 1420 2442 μιᾶδη
1443 2391 1545 2431 we's-

166 2438 346 2483 selingius,
372 2439 431 2481 qui
455 2440 496 2472 de
519 2440 601 2473 Ams
606 2446 629 2473 t.
662 2442 809 2481 „ultima
833 2441 966 2484 syllaba
991 2441 1186 2484 compendio
1210 2442 1443 2489 designatur,
1449 2444 1548 2477 vide-

168 2490 290 2529 turquc
313 2484 485 2532 Σαμιάδῃ
501 2488 633 2529 fuisse:
658 2489 784 2528 Σαμία
807 2487 847 2520 A.
896 2487 1022 2521 caeteri
1042 2487 1238 2533 Σαμιαδης
1337 2489 1394 2522 23.
1419 2484 1546 2536 ἦτρον]

167 2531 293 2576 ι’στρον
327 2531 436 2564 Amst.
560 2533 632 2573 24.
665 2535 738 2567 τῶν
769 2544 936 2578 πυρετων
959 2533 1000 2573 A,
1025 2534 1167 2566 caeteri
1185 2534 1239 2580 τῷ
1266 2537 1410 2581 πυρετῷ

167 2577 226 2612 25.
249 2575 577 2621 συνεπιγινομένων
602 2580 652 2619 A,
677 2579 804 2612 cmtmi
839 2579 1172 2623 σννεπιγενομένων
1309 2581 1365 2615 28.
1399 2579 1440 2616 δ’
1476 2594 1546 2616 om

167 2621 236 2658 R·
321 2624 378 2657 2¹).
407 2625 603 2682 προπεσεῖν
634 2604 688 2665 Β,
713 2626 840 2660 caeteri
861 2629 1074 2669 προςπεσεῖν
1186 2626 1243 2661 32
1269 2624 1436 2667 ἅλλωνΑ,
1472 2640 1551 2662 cae-

169 2668 238 2706 teri
261 2667 372 2704 ἄλλον
503 2668 641 2712 ἔξωθεν
664 2650 693 2705 A
718 2672 845 2712 Amet„
869 2672 999 2705 caeteri
1027 2671 1094 2714 ἔξω
1229 2672 1287 2707 33.
1310 2672 1378 2718 μὲν
1412 2687 1480 2709 ουν
1504 2676 1548 2716 Β,

169 2715 298 2749 caeteri
322 2729 389 2760 μεν
510 2716 572 2751 34:
591 2716 784 2760 γενομένας
808 2718 851 2759 Β,
876 2718 1002 2751 caeteri
1024 2717 1217 2763 γινομένας
1321 2728 1328 2731 “
1351 2719 1408 2754 38.
1433 2719 1551 2756 {inam

171 2763 262 2805 δρον
293 2760 582 2809 διαφυλάττειν]
618 2760 685 2797 ὑπ’
714 2761 841 2808 ἄνδρα
866 2762 1062 2808 φυλάττειν
1086 2766 1117 2798 Α
1231 2765 1552 2810 καταδεδοξοὲσθαι

170 2807 216 2849 Β,
242 2804 543 2890 κατιὲδόξαστοᾈ
568 2814 763 2853 correctus,
777 2812 903 2846 caeteri
935 2810 1210 2855 κατεδοξοὶσθαι
1352 2812 1410 2847 47.
1445 2814 1550 2858 φασὶ]

174 2866 266 2899 φησι
1130 2875 1135 2881 “
