1968 3346
303 173 606 218 EXCERPTA
633 172 706 217 DE
736 171 888 214 VIRT.
919 171 994 214 ΕΤ
1026 171 1139 215 VIT.
1170 172 1217 215 L.
1238 171 1433 215 XXXIV.
1493 177 1576 216 149

175 285 388 344 βασιλέως
436 282 520 341 εἶχε
556 284 630 328 καὶ
675 281 838 335 ἄλλους
885 283 1014 335 υἱοὺς
1056 285 1254 335 πλείους,
1296 283 1484 340 μάλιστα
1526 285 1572 327 δὲ
1603 291 1657 331 80

176 342 579 414 προτετιμημένους
605 339 821 395 ’Λτάρβαν
850 340 929 384 τὸν
943 339 1254 410 πρεσβύτερον
1282 358 1371 384 των
1402 343 1574 385 παίδων

176 401 252 444 καὶ
280 398 525 467 Ιάμψαμον
559 397 632 440 καὶ
662 399 881 448 Μικίψαν.
924 395 972 447 ὂς
1001 396 1316 448 ἐπιεικέστατος
1345 402 1434 441 τῶν
1463 397 1575 441 κατὰ

175 457 356 529 Λιβύην
379 453 591 524 βασιλέων
617 452 873 508 γενόμενος,
902 454 977 496 καὶ
1006 451 1200 504 πολλους
1229 457 1318 498 τῶν
1346 457 1575 498 πεπαιδευ-

173 514 328 583 μένων
345 510 564 567 Ἑλλήνων
593 509 996 566 μεταπεμπόμενος,
1029 511 1239 564 συνεβίου
1261 510 1447 562 τούτοις.
1472 515 1574 555 πολ-

174 570 258 626 λὴν
288 570 335 614 δὲ
371 568 615 639 ἐπιμέλειαν
653 567 919 622 ποιούμενος
947 567 1166 617 παιδείας,
1209 566 1393 621 μάλιστα
1424 568 1470 611 δὲ
1501 585 1570 623 φι-
1601 573 1656 616 85

174 608 408 698 λόσοφίας,
439 621 680 691 ἐνεγήρασε
702 640 754 680 τῃ
786 624 1020 693 δυναστείᾳ
1049 623 1121 666 καὶ
1149 639 1201 680 τῃ
1233 625 1490 681 φιλοσοφία.

275 682 374 727 Ότι
396 677 704 731 Ιζοντωνιατός
729 697 792 731 τις
822 680 845 723 ὁ
879 667 1081 734 βασιλεὺς
1109 684 1184 735 τῆς
1216 683 1462 752 Γαλατικῆς
1492 681 1568 725 πό-

171 744 280 790 λεως
316 742 391 794 τῆς
421 736 537 781 ου’τω
571 736 844 794 καλουμένης
869 736 1098 791 Ἰοντώρας
1137 736 1308 780 συνέσει
1339 738 1413 779 καὶ
1444 749 1568 792 στρα

169 798 297 865 τηγία
334 795 565 865 διάφορος
589 795 667 850 ἠν,
708 795 836 848 φίλος
872 793 919 838 δὲ
953 794 1028 837 καὶ
1065 791 1292 862 σύμμαχος
1326 793 1566 847 Ρωιιαίωι,
1597 805 1652 845 90

170 851 231 903 ὠς
261 868 316 896 αυ
346 850 394 896 έν
424 855 516 902 τοῖς
543 850 794 920 ἔμπροσθεν
821 848 997 919 χρόνοις
1022 849 1306 905 διατετριφώς
1336 851 1382 893 ἐν
1409 849 1566 921 Ῥώμη,

168 909 244 953 καὶ
272 906 601 964 κεκοινωνηκὼς
630 905 786 962 ἀρετῆς
814 907 889 950 καὶ
919 905 1092 963 ἀγωγῆς
1121 909 1337 962 νομίμου,
1370 908 1443 951 διά
1470 906 1568 951 Ῥω-

169 967 298 1023 μαίω.
344 965 390 1010 δὲ
419 963 699 1035 παρειληφώς
728 963 808 1017 τὴν
837 965 884 1008 ἐν
915 966 1111 1021 Γαλατία
1141 941 1381 1018 βασιλείάν.

271 1022 372 1065 ΓΌτι
401 1021 423 1065 ὁ
448 1020 625 1075 Μάριος
655 1018 716 1072 εἷς
745 1019 808 1064 ὠν
838 1024 928 1064 τῶν
957 1008 1224 1076 συμβούλων
1253 1022 1326 1064 καὶ
1355 1024 1445 1063 τῶν
1468 1036 1567 1074 πρε-

169 1081 366 1149 σβευτων
384 1076 473 1121 ὑπὸ
502 1082 584 1120 τοῦ
605 1080 853 1133 στρατηγοῦ
875 1082 1223 1146 παρεθεωρειτο,
1255 1077 1564 1129 ταπεινότατος
1593 1088 1648 1130 95

169 1152 235 1179 ων
269 1139 358 1178 τῶν
395 1136 694 1201 πρεσβευτῶν
714 1138 767 1190 τῇ
803 1133 930 1207 δόξῃ.
977 1150 1000 1178 ο
1059 1150 1138 1189 μεν
1176 1150 1260 1189 γαρ
1302 1134 1427 1178 ἄλλοι
1469 1139 1563 1185 τοῖς

167 1191 381 1263 ἀξιώμασι
412 1192 485 1235 καὶ
522 1196 617 1242 ταῖς
627 1189 884 1259 εὐγενείαις
920 1190 1224 1249 ὑπερέχοντες
1242 1190 1428 1261 μεγάλης
1459 1189 1561 1234 άπο-

165 1251 298 1305 δοχῆς
335 1247 574 1304 ἐτύγχανον
610 1246 698 1292 ὑπὸ
739 1251 821 1292 τοῦ
859 1251 1129 1317 στρατηγοῦ,
1169 1249 1299 1299 οὑτος
1338 1248 1384 1292 δὲ
1415 1251 1562 1292 δοκῶν

164 1306 394 1363 γεγονέναι
434 1304 713 1376 δημοσιώνης
753 1305 827 1348 καὶ
855 1305 933 1356 τὰς
968 1303 1286 1360 ὑποδεεστέρας
1324 1302 1458 1360 ἆρχας
1486 1305 1560 1362 μό·
1594 1316 1673 1356 100

164 1380 234 1420 γις
284 1361 492 1434 εἶληφως
521 1362 570 1406 έν
607 1367 700 1412 ταῖς
744 1363 803 1412 εἰς
843 1363 976 1413 δόξαν
1014 1368 1294 1429 προαγωγαῖς
1340 1367 1560 1416 παρεθεω-

165 1425 298 1475 ρεῖτο,
328 1420 402 1463 καὶ
431 1422 520 1462 τῶν
548 1435 628 1491 μεν
657 1417 801 1462 ἄλλων
828 1418 1008 1469 ἕκαστος
1031 1419 1311 1489 περιφεύγων
1340 1423 1486 1462 πᾶσαν
1511 1419 1559 1462 έν

163 1481 258 1528 τοῖς
297 1480 550 1544 πολεμικοῖς
589 1475 740 1532 ἔργοις
774 1475 1077 1519 κακοπάθειαν
1114 1474 1213 1546 ᾑρει
1199 1481 1262 1519 ῖτο
1302 1492 1384 1531 την
1422 1477 1558 1546 ῥαθυ-

163 1535 271 1589 μίαν
299 1533 373 1576 καὶ
403 1530 654 1602 ῥαστώνην,
685 1534 816 1584 οὑτος
846 1532 892 1576 δὲ
921 1532 1031 1587 πρὸς
1059 1535 1163 1582 τοὺς
1195 1533 1240 1576 ἐν
1269 1538 1366 1584 ταῖς
1395 1532 1554 1588 μάχαις

163 1587 404 1639 κινδύνους
450 1588 659 1640 πολλάκις
693 1587 866 1645 ἡγεμών
904 1587 1232 1657 ἐκπεμπόμενος
1265 1589 1351 1659 τὴν
1389 1606 1468 1645 μεν
1509 1607 1555 1633 εκ
1614 1597 1640 1639 5

164 1646 335 1690 τούτων
370 1645 546 1701 ἀτιμίαν
589 1650 914 1700 προςεποιεῖτο,
951 1645 1113 1701 ὁμοίως
1143 1646 1188 1690 δὲ
1219 1645 1359 1690 αὑτόν
1389 1648 1449 1696 εἰς
1480 1646 1555 1697 τάς

161 1701 369 1755 τοιαύτας
397 1704 670 1758 λειτουργίας
710 1702 934 1754 ἐπιδιδους
972 1702 1139 1771 πολλήν
1168 1704 1396 1772 ἐμπειρίαν
1419 1720 1556 1755 περιε-

161 1759 376 1830 ποιήσατο
422 1764 510 1803 τῶν
547 1763 795 1829 πολεμικῶν
833 1776 988 1829 εργων.
1041 1757 1104 1803 ὢν
1145 1760 1191 1804 δὲ
1237 1758 1406 1829 εὐφυὴς
1445 1759 1556 1814 πρὸς

161 1815 339 1872 ἀγῶνας
372 1817 445 1860 καὶ
482 1815 739 1868 κινδύνους,
779 1817 850 1860 καὶ
888 1814 1076 1867 τούτους
1113 1816 1351 1873 ὑπομένων
1387 1816 1554 1871 προθύ-
1588 1828 1640 1868 10

92 1890 276 1943 ςοὸμως,
322 1889 430 1930 ταχυ
476 1873 667 1930 μεγάλην
708 1872 918 1930 ἐκτήσατο
959 1871 1151 1944 δύναμιν
1190 1874 1265 1918 καὶ
1314 1873 1448 1925 δόξαν
1486 1873 1555 1918 ἐπ’

162 1928 357 1986 ἀνδρεία.
398 1931 592 1981 ἐπιεικῶς
641 1929 688 1975 δε
725 1935 818 2000 τοῖς
857 1929 1140 1986 στρατιώταις
1184 1930 1554 1987 προςφερόμενος,

158 1987 234 2032 καὶ
271 1992 366 2038 ταῖς
406 1989 590 2042 δωρεαῖς
627 1988 699 2032 καὶ
737 1993 831 2039 ταῖς
870 1987 1060 2044 ὁμιλίαις
1093 2005 1169 2031 και
1206 1993 1557 2057 συμπεριφοραῖς

158 2043 490 2115 κεχαρισμέναις
526 2049 619 2095 τοῖς
656 2042 1021 2112 ὑποτεταγμένοις
1070 2043 1343 2115 χρώμενος,
1364 2044 1556 2101 μεγάλην

158 2100 340 2145 εὔνοιαν
369 2102 417 2145 ἐν
445 2106 537 2152 τοῖς
568 2099 853 2170 στρατιώταις
889 2102 1241 2173 περιεποιήσατο.
1283 2100 1440 2152 πάντες
1470 2102 1552 2157 γὰρ
1583 2108 1634 2151 15

157 2162 257 2214 τῆς
275 2157 524 2214 εὐεργεσίας
558 2156 687 2213 χάριν
725 2158 1008 2210 ἀποδιδόντες
1045 2158 1093 2202 ἐν
1129 2164 1225 2209 ταῖς
1255 2175 1358 2213 μετα
1389 2158 1552 2202 τούτου

156 2215 315 2283 μάχαις
353 2214 690 2285 φιλοτιμότερον
731 2214 1021 2270 ἠγωνίζοντο,
1072 2214 1363 2268 συναύξοντες
1412 2215 1553 2259 αὐτοῦ

157 2271 239 2342 τὴν
262 2270 524 2341 ἡγεμονίαν·
565 2274 602 2315 εἰ
635 2271 681 2316 δὲ
710 2275 834 2328 τύχοι
873 2290 937 2324 τις
968 2276 1057 2315 τῶν
1097 2271 1243 2316 ἄλλων
1273 2275 1552 2328 πρεσβευτῶν

157 2327 428 2384 ἡγούμενος,
471 2329 838 2380 ἐθελοκακοῦντες
879 2328 1134 2374 άπεδειλίων
1171 2346 1281 2373 κατα
1308 2347 1414 2381 τους
1445 2329 1553 2373 οἰνα-

156 2385 447 2440 γκαιοτάτους
475 2386 668 2438 καιρούς.
701 2387 774 2430 καὶ
804 2386 1046 2457 συνέβαινε
1064 2385 1174 2429 κατὰ
1198 2386 1248 2430 τὸ
1279 2391 1482 2431 πλεῖστον
1503 2386 1551 2430 έν
1578 2392 1634 2433 20

157 2458 261 2511 μεν
283 2447 378 2493 ταῖς
418 2446 508 2485 τῶν
556 2441 701 2485 ἄλλων
749 2443 1002 2500 ἡγεμονίαις
1035 2441 1279 2514 Ῥωμαίους
1320 2442 1548 2501 ἡττᾶσθαι,

158 2515 268 2542 κατα
297 2500 344 2543 δὲ
373 2498 449 2551 τοὶς
475 2515 556 2543 του
590 2501 770 2555 Μαρίου
799 2502 1045 2556 παρουσίας
1075 2499 1140 2545 αεὶ
1168 2504 1313 2545 νικᾶν.

156 2588 215 2624 95.
238 2591 309 2625 τοῦ
334 2591 541 2635 στρατηγοῦ
566 2591 839 2636 XVesselinfflns,
867 2593 941 2628 τῶν
965 2592 1181 2636 στρατηγῶν
1206 2592 1234 2625 V
1360 2592 1553 2635 παρεθειμ)

158 2640 256 2681 ρεῖτο
288 2637 401 2670 vam·
385 2648 464 2679 lue,
500 2641 740 2693 παρετηρεῖτο
772 2638 800 2671 V
960 2637 994 2673 6.
1022 2637 1188 2683 α’τιμίαν]
1222 2637 1332 2682 τιμήν
1363 2639 1454 2672 Wes.
1450 2639 1553 2672 scHn

155 2683 256 2728 gius.
281 2694 351 2727 quo
375 2686 512 2738 recepto
535 2695 694 2739 sequens
705 2682 844 2728 ὁμοίως
867 2684 902 2718 in
920 2683 1075 2729 ετοίμως
1099 2685 1327 2742 mutandum,
1348 2685 1400 2719 uti
1420 2686 1552 2718 factum

155 2728 290 2777 p.514.
315 2728 372 2762 10.
470 2727 623 2774 ὁμοίως]
651 2727 750 2774 ὅμως
773 2731 929 2765 ἱειὶεείιιε
1084 2729 1200 2766 αὐτὸν
1224 2731 1253 2764 V

248 2775 330 2810 608
353 2776 412 2809 16.
437 2776 736 2833 φιλοτιμότερον]
764 2776 1059 2823 φιλοτιμώτερον
1084 2778 1114 2811 V
1271 2776 1328 2812 19.
1355 2788 1556 2822 αναγκαιο·

159 2819 294 2865 τοῖτους
318 2823 494 2865 Milesius,
519 2820 833 2868 ἄναγκαιοτέρους
857 2825 885 2855 ἱ
