1968 3346
407 189 447 216 u
820 168 1378 213 PRAEFATIO.

409 294 636 345 curarent,
671 287 880 345 adeoque
901 286 946 331 in
973 287 1124 331 media
1152 285 1427 345 quandoque
1451 285 1665 331 sententia
1691 285 1800 330 sub-

408 370 631 422 sisterent,
686 373 731 412 et
769 367 1021 412 nominibus
1059 367 1315 411 omittendis
1354 382 1505 411 rerum
1536 351 1799 410 traditarum

407 448 687 494 intellectum
707 448 948 492 turbarent.
1021 447 1127 502 Quo
1157 447 1202 490 in
1224 463 1392 507 genere
1416 447 1674 507 diligentius
1695 462 1798 491 ver-

409 535 529 573 satus
558 534 623 572 est
642 527 852 583 Photius,
894 528 971 586 qui
1002 527 1282 586 perditorum
1310 528 1481 586 aliquot
1498 533 1602 587 post
1622 526 1801 585 trigesi--

408 624 534 654 mum
557 609 775 652 librorum
794 608 1037 666 particulas
1061 608 1104 650 in
1116 606 1454 654 Bibliothecam
1470 622 1594 650 suam
1612 605 1800 664 recepit.

408 690 678 747 Quanquam
706 688 783 731 ille
814 687 923 731 dum
954 688 1279 747 compendium
1309 687 1550 735 adhiberet
1571 688 1802 744 verbaque

408 770 600 816 Diodori
623 771 710 813 suis
736 775 948 823 mutaret,
979 775 1023 812 et
1045 770 1132 812 alia
1157 767 1418 827 depravavit
1441 773 1485 811 et
1505 766 1618 810 illud
1642 781 1804 810 vereor

405 856 456 895 ut
498 857 619 894 recte
666 848 837 904 tradat,
892 848 1086 893 Viriathi
1126 865 1196 893 res
1236 848 1494 893 Diodorum
1532 852 1646 891 totas
1683 847 1802 890 libro

407 931 595 977 XXXII.
634 928 1048 988 comprehendisse.
1117 930 1207 975 Eas
1251 930 1369 974 enim
1406 928 1443 973 si
1485 928 1649 972 eodem
1681 928 1802 971 libro

408 1019 592 1071 coeptas
645 1011 879 1067 finitasque
916 1011 1151 1066 sumimus,
1205 1010 1447 1055 Valesiana
1491 1009 1802 1066 Vaticanaque

407 1093 510 1136 libri
530 1091 716 1136 XXXII.
751 1097 960 1150 excerpta
989 1098 1082 1135 tam
1106 1092 1218 1134 fiunt
1241 1091 1395 1150 ampla
1419 1105 1553 1148 quam
1578 1089 1801 1147 sequentis

407 1174 539 1216 rebus
568 1173 780 1228 annisque
809 1186 1026 1231 paupera.
1099 1172 1229 1226 Quae
1259 1187 1329 1215 res
1351 1171 1527 1214 Maium
1550 1170 1721 1214 induxit
1753 1175 1803 1214 ut

406 1253 617 1296 XXXIII.
651 1252 753 1296 libri
780 1252 956 1296 initium
986 1266 1012 1294 a
1045 1250 1253 1295 Corinthi
1284 1251 1459 1297 excidio
1493 1250 1664 1295 faceret
1687 1249 1802 1295 Car-

405 1332 693 1392 thaginisque
715 1337 758 1376 et
781 1331 987 1376 Corinthi
1013 1333 1262 1376 eversiones
1284 1333 1398 1376 inter
1420 1332 1533 1375 duos
1548 1322 1689 1374 libros
1711 1330 1804 1374 dis-

407 1415 606 1472 pertiret.
672 1413 810 1467 Quod
835 1412 913 1471 qui
943 1413 1132 1471 probet,
1169 1413 1355 1458 debebit
1388 1429 1504 1471 quae
1526 1412 1584 1456 de
1602 1412 1803 1456 Alexan-

408 1494 492 1537 (iro
524 1495 640 1537 Bala
672 1500 774 1552 post
798 1493 1006 1538 Corinthi
1035 1494 1260 1536 excidium
1290 1500 1389 1538 sunt
1417 1495 1463 1537 in
1484 1494 1595 1537 Exc.
1622 1493 1722 1536 Val.
1755 1507 1802 1551 p.

407 1573 522 1620 5⁴32.
546 1572 626 1617 58.
657 1574 717 1616 ad
734 1573 922 1617 Diodoti
940 1573 1205 1634 Tryphonis
1228 1575 1372 1633 magis
1397 1589 1534 1632 quam
1559 1574 1702 1616 Baiae
1728 1572 1803 1615 hi-

407 1655 586 1698 storiam
610 1654 957 1699 continuandam
980 1661 1158 1698 narrata
1179 1655 1388 1709 credere,
1421 1654 1638 1712 siquidem
1659 1654 1803 1698 Baiae

409 1736 599 1780 caedem
624 1734 720 1794 (Ol.
744 1732 855 1778 158.
880 1735 925 1778 4.
956 1735 1123 1779 Euseb.
1143 1750 1189 1794 p.
1212 1734 1326 1783 138.
1346 1735 1437 1793 M.)
1464 1741 1663 1779 extremo
1685 1735 1802 1779 libro

407 1816 595 1860 XXXII.
617 1816 830 1875 scriptam
851 1822 1036 1859 testatur
1062 1815 1267 1862 Photius.
1331 1815 1454 1859 Mihi
1478 1830 1564 1859 nec
1586 1815 1699 1858 Maii
1718 1830 1804 1861 nec

408 1897 563 1941 Photii
600 1897 822 1941 distinctio
858 1897 1096 1952 satisfacit,
1142 1897 1222 1941 sed
1261 1898 1390 1940 tertia
1420 1898 1536 1941 inter
1564 1902 1804 1954 utramque

409 1978 559 2022 media
592 1978 762 2021 veritati
798 1978 987 2036 propior
1017 1979 1116 2022 fore
1148 1977 1338 2022 videtur.

548 2058 925 2118 Fragmentorum
952 2059 1286 2114 collectionem,
1324 2072 1459 2116 quam
1480 2054 1804 2114 Wesselingius

410 2139 676 2187 instituerat,
734 2154 823 2198 ego
860 2139 1011 2182 multis
1052 2139 1164 2183 locis
1203 2139 1329 2193 auxi,
1384 2137 1534 2181 alienis
1575 2136 1801 2180 nonnullis

412 2220 611 2271 liberavi,
632 2219 779 2262 onmia
800 2219 859 2262 ita
876 2219 1041 2279 digessi
1062 2227 1107 2263 ut
1127 2220 1221 2263 fieri
1243 2223 1393 2278 posset
1415 2219 1472 2261 ab
1495 2233 1549 2260 eo
1573 2218 1648 2275 qui
1669 2218 1802 2261 Ives-

411 2301 582 2359 selingii
604 2300 831 2353 ordinem,
872 2316 927 2342 ne
949 2301 1217 2360 paginarum
1244 2301 1376 2343 series
1402 2299 1577 2358 penitus
1599 2299 1801 2342 turbare-

412 2365 506 2431 tur,
544 2396 631 2423 non
663 2379 844 2422 omnino
879 2381 1184 2425 oblitteratum
1214 2381 1364 2424 vellet.
1435 2380 1564 2433 Quae
1597 2379 1706 2422 ratio
1732 2379 1801 2422 in-

412 2462 561 2505 eunda
591 2477 678 2505 non
711 2461 862 2506 fuisset
894 2462 939 2505 in
973 2463 1144 2506 maiore
1178 2477 1314 2521 quam
1349 2467 1414 2505 est
1442 2460 1800 2521 fragmentorum

411 2557 611 2588 numero·
