1968 3346
333 230 418 269 168
473 224 774 267 EXCERPTA
802 221 1182 269 LEGATIONVM
1208 226 1258 269 L.
1288 226 1420 270 XXX.
1441 227 1592 271 XXXI.

249 316 534 379 1Ί“Ότι
570 333 599 408 η
640 334 881 409 σύγκλητος
919 336 1173 396 αὐθημερόν
1211 336 1454 410 ἐψηφίσατο
1490 339 1570 384 τόν
1602 341 1717 395 πρὸς

249 370 305 415 65
336 393 507 464 Περσέα
535 394 751 464 πόλεμον,
793 394 868 437 καὶ
896 401 989 446 τοῖς
1025 398 1309 451 πρεσβευταῖς
1339 395 1593 451 ἐχρημάτισε
1621 400 1714 452 μέν,

337 448 569 504 ἀπόκρισιν
599 450 645 494 δὲ
685 448 896 506 οὐδεμίαν
926 452 1073 495 ἔδωκε.
1139 453 1370 522 προςέταξε
1407 453 1452 497 δὲ
1489 459 1580 505 τοῖς
1608 454 1718 499 ὑπά-

251 516 307 556 70
334 523 427 558 τοις
476 506 524 550 ἐν
566 506 814 576 ἐκκλησίαις
862 508 1104 578 διαρρήδην
1148 506 1463 563 ἀπαγορεύειν·
1528 510 1632 561 τοὺς
1673 511 1719 554 δὲ

335 563 1263 680 3255ss2²5322Z‘Qasffvffl3'ffffffss‘33‘5‘ssssicssg
1295 565 1568 682 ἕίνὴἷέῖῖῖἒ
1598 566 1721 680 ῗζῗέ

741 655 754 676 2

250 712 308 753 18
335 693 586 778 κοντἀοτι“
563 729 587 778 6
619 736 893 804 Πτολεμαῖος
929 732 954 779 6
984 737 1075 804 τῆς
1087 732 1314 792 Αἰγύπτου
1352 736 1559 794 βασιλεὺς
1597 735 1790 788 είδώς624

251 769 307 812 75
334 789 440 843 τούς
470 790 612 835 αὑτοῦ
641 790 892 862 προγόνους
921 790 1152 864 ἐσχηκότας
1181 795 1334 851 κοίλην
1362 796 1549 863 Συρίαν,
1580 809 1722 848 παρα-

338 847 498 899 σκευας
532 848 718 892 ἐποιεῖτο
748 848 959 905 μεγάλας,
991 849 1276 920 ἀμφιςβητῶν
1296 849 1479 920 ταύτης·
1509 851 1655 907 ἤλπιζέ
1680 866 1724 894 τε

253 912 309 953 80
337 904 418 976 τὴ,ν
448 904 585 975 ἀδίκῳ
615 905 788 976 πολέμῳ
818 906 1035 976 πρότερον
1065 905 1296 977 ἀνειμένην
1317 907 1412 951 τότε
1433 910 1612 959 δικαίως
1632 912 1725 958 τοῖς

339 961 492 1013 αὐτοῖς
521 961 675 1017 νόμοις
703 952 1050 1019 ἀνακτήσασθαι.
1084 981 1112 1006 α
1142 963 1195 1020 δη
1227 964 1480 1020 πυθόμενος
1509 963 1532 1008 6
1558 964 1725 1008 Ἀντίο-

337 1036 413 1089 χος
442 1019 733 1071 ἐξαπέστειλεν
762 1022 822 1070 εἰς
842 1020 1024 1092 ““Ρω’μην
1052 1019 1266 1077 πρέσβεις,
1297 1021 1595 1092 ἐντειλάμενος
1620 1037 1725 1076 μαρ-

337 1075 560 1130 τύρασθαι
589 1076 668 1133 τὴν
696 1076 943 1149 σύγκλητον
971 1078 1038 1121 ότι
1066 1082 1271 1130 πολεμεῖν
1307 1078 1466 1130 ἀδίκως
1502 1079 1728 1148 ἐπιβάλλε-

337 1149 409 1176 ται
440 1137 723 1188 Πτολεμαῖος.
754 1134 1020 1186 ἐξαπέστειλε
1049 1135 1096 1178 δὲ
1124 1136 1197 1178 καὶ
1228 1135 1252 1179 6
1281 1137 1594 1207 προειρημένος
1620 1134 1728 1186 τοὺς

255 1193 311 1236 85
341 1188 754 1260 ἀπολογησομένους
779 1193 854 1235 καὶ
885 1190 1140 1243 διδάξοντας
1170 1192 1251 1247 τήν
1280 1192 1525 1265 σύγκλητον
1555 1192 1622 1236 ὅτι
1650 1209 1728 1236 πα-

339 1246 396 1318 ρά
422 1246 568 1291 πάντα
595 1246 650 1291 τὰ
679 1249 828 1291 δίκαια
855 1254 1009 1303 κρατεῖ
1035 1252 1110 1304 τῆς
1139 1252 1287 1306 κοίλης
1315 1251 1487 1305 Συρίας
1511 1248 1731 1305 Ἀντίοχος

340 1303 504 1347 ἑαυτοῦ
533 1308 802 1374 προγονικῆς
829 1305 1125 1377 υπαρχούσης.
1160 1307 1397 1351 ἐνετείλατο
1429 1307 1475 1351 δὲ
1504 1306 1557 1350 τά
1587 1323 1632 1349 τε
1662 1323 1732 1362 φι-

341 1359 584 1416 λάνθρωπα
620 1360 732 1416 πρὸς
766 1361 1016 1431 Ῥωμαίους
1057 1363 1399 1408 ἀνανεώσασθαι
1425 1364 1500 1408 καὶ
1527 1364 1627 1420 περὶ
1656 1366 1733 1421 τῆς

255 1423 311 1463 90
340 1417 452 1472 πρός
482 1418 656 1472 Περσέα
675 1418 925 1488 διαλύσεως
955 1425 1232 1476 πειραθῆναι.

256 1479 312 1519 19
442 1473 542 1518 ’Ότι
581 1476 642 1526 εἰς
675 1471 856 1546 Ῥώμην
898 1477 1194 1547 παρεγένοντο
1242 1477 1506 1547 πρεσβευταὶ
1538 1474 1734 1520 οΡοδίων

256 1535 312 1577 95
341 1528 455 1586 πρός
481 1548 558 1583 τας
575 1532 875 1601 γεγενημένας
903 1531 999 1576 κατ’
1026 1532 1183 1576 αύτων
1213 1535 1424 1591 διαβολὰς
1462 1531 1735 1603 ἀπολογησό

342 1604 482 1644 μενοι.
513 1586 700 1632 ἐδόκουν
728 1589 812 1645 γὰρ
842 1589 890 1633 ἐν
917 1607 978 1633 τω
1005 1590 1116 1644 πρὸς
1138 1593 1311 1644 Περσέα
1341 1591 1518 1663 πολέμῳ
1547 1595 1641 1641 ταῖς
1666 1587 1736 1633 εύ-

343 1647 488 1697 νοίαις
513 1643 850 1690 ἀποκεκλικέναι
878 1647 990 1700 πρός
1019 1646 1097 1691 τόν
1117 1648 1297 1704 βασιλέα
1319 1649 1392 1693 καὶ
1412 1637 1738 1701 προδεδωκέναι

345 1718 429 1758 την
459 1702 572 1756 πρὸς
587 1703 832 1758 Ῥωμαίους
852 1707 1017 1774 φιλίαν
1051 1702 1239 1760 ὁρῶντες
1262 1707 1307 1749 δὲ
1328 1705 1409 1761 τὴν
1425 1703 1739 1760 ἀλλοτριότητα

237 1764 320 1805 100
348 1759 430 1814 τήν
459 1760 572 1814 πρὸς
602 1759 785 1813 αὐτούς,
817 1763 878 1812 εἰς
909 1760 1108 1829 ἀθυμίαν
1137 1761 1377 1806 ἐνέπιπτον.
1410 1780 1470 1813 ως
1489 1762 1535 1806 δε
1555 1778 1629 1805 και
1648 1776 1737 1803 των

346 1824 602 1887 στρατηγων
629 1834 694 1869 τις
723 1817 987 1891 συναγαγών
1024 1818 1255 1889 ἐκκλησίαν
1289 1821 1524 1891 παρεκάλει
1552 1835 1604 1861 τα
1634 1816 1739 1872 πλή-

344 1878 406 1929 θη
435 1873 548 1928 πρὸς
586 1873 667 1917 τόν
705 1873 816 1919 κατὰ
850 1873 1041 1920 Ῥοδίων
1084 1876 1301 1932 πόλεμον,
1353 1875 1455 1919 τόθ’
1494 1874 1738 1944 ὁλοσχερῶς

347 1932 568 1982 δείσαντες
608 1931 708 1987 περὶ
744 1936 820 1988 τῆς
858 1934 1069 2003 πατρίδος
1107 1935 1166 1984 εἰς
1201 1932 1410 2005 τοιαύτην
1439 1927 1583 2003 ἦλθον
1611 1930 1739 1975 κατά-

348 1988 502 2043 πληξιν
542 1986 648 2039 digus
685 1989 904 2044 πένθιμον
943 1988 1182 2060 ἀναλαβεῖν
1224 1989 1409 2047 ἐσθῆτα,
1449 1989 1560 2033 κατὰ
1588 1989 1633 2032 δε
1662 2005 1741 2040 τας

292 2044 320 2088 5
350 2044 559 2096 ἐντεύξεις
595 2049 685 2089 τῶν
727 2047 869 2115 φίλων
907 2046 1057 2117 μηκέτι
1105 2051 1377 2100 παρακαλεῖν
1425 2046 1534 2104 μηδὲ
1573 2044 1741 2098 ἀξιοῦν,

349 2098 459 2145 ἀλλα
495 2104 668 2145 δεῖσθαι
705 2102 813 2156 μετὰ
852 2102 1061 2157 δακρύων
1097 2104 1232 2160 μηδὲν
1271 2103 1511 2173 ἀνήκεστον
1539 2103 1635 2158 περὶ
1666 2099 1741 2144 αὐ-

348 2161 440 2201 τῶν
480 2157 786 2228 βουλεύεσθαι.
832 2159 1138 2215 εἰςαγαγὸντος
1168 2161 1214 2204 δὲ
1246 2159 1409 2212 αὐτούς
1440 2162 1500 2212 εἰς
1528 2176 1609 2215 την
1640 2157 1740 2214 σύγ-

350 2218 522 2284 κλητον
538 2214 637 2266 ἑνός
664 2232 754 2259 των
782 2216 1029 2273 δημάρχων,
1060 2218 1134 2260 καὶ
1160 2216 1238 2261 τὸν
1262 2221 1602 2288 παρακαλοῦντα
1630 2215 1743 2269 πρὸς

267 2273 323 2316 10
354 2270 435 2315 τὸν
463 2270 656 2327 πόλεμον
686 2274 930 2343 στρατηγὸν
967 2274 1331 2325 κατασπάσαντος
1369 2271 1455 2317 ἀπὸ
1496 2277 1585 2316 τῶν
1615 2271 1744 2329 ἐμβό-

349 2332 463 2383 λων,
500 2328 687 2374 ἐποιεῖτο
726 2329 831 2384 τοὺς
866 2328 1041 2388 λόγους.
1087 2332 1162 2376 καὶ
1190 2331 1333 2378 πολλα
1361 2330 1474 2388 πρὸς
1504 2330 1653 2388 δέησιν
1679 2330 1744 2373 εἰ-

352 2456 409 2492 68.
435 2452 568 2511 ἔδωκε]
605 2452 744 2490 δέδωκε
767 2452 800 2489 V
938 2455 996 2492 69.
1019 2450 1266 2512 ἀπαγορεύειν
1289 2456 1460 2496 Vrsinus,
1487 2451 1741 2502 ἀπαγορευου·

354 2514 413 2539 σιν
439 2503 491 2543 V,
516 2500 758 2558 ἀναγορεύειν
781 2501 1055 2560 wesselingius.
1079 2508 1154 2538 tum
1177 2502 1267 2544 τούς
1290 2516 1328 2538 τε
1353 2504 1437 2537 Rei
1426 2503 1518 2537 kius

446 2548 526 2583 624.
551 2548 610 2582 77.
636 2545 757 2583 αὐτοῦ
773 2549 813 2589 V,
839 2547 975 2585 ἑαυτοῦ
995 2550 1122 2584 Suidas
1215 2552 1360 2595 κοίλην]
1381 2548 1448 2595 τὴν
1466 2551 1595 2593 κοίλην
1615 2547 1743 2581 suidas

495 2594 550 2629 79.
575 2593 627 2638 τε]
653 2592 723 2639 γὰρ
748 2594 876 2630 Suidas
995 2595 1053 2629 88.
1079 2598 1140 2637 τε]
1169 2594 1221 2640 εἶχ
1225 2609 1241 2631 ε
1264 2597 1305 2631 Μ
1433 2597 1488 2630 90.
1513 2595 1744 2637 πειραθῆναι

358 2641 419 2682 Μ,
453 2637 518 2675 διοὶ
540 2642 770 2698 πειραθῆναι
795 2641 826 2675 V
940 2638 998 2677 94.
1021 2642 1094 2685 εἰς]
1123 2641 1159 2682 ἐς
1182 2644 1223 2676 Μ
1337 2641 1395 2676 95.
1422 2638 1743 2695 ἀπολογησόμενοι

359 2686 439 2720 Vrs
429 2698 518 2730 mus,
542 2682 890 2732 ἀπολογησομενους
911 2686 985 2721 MV
1077 2688 1135 2723 97.
1159 2687 1323 2730 εὐνοίαις
1345 2689 1385 2723 Μ
1409 2692 1443 2721 et
1457 2689 1537 2722 Exc.
1563 2686 1680 2721 Photii
1705 2697 1741 2730 p.

356 2732 437 2767 515.
461 2733 519 2775 7.,
545 2730 707 2773 ἐννοίαις
730 2734 760 2766 V
907 2728 1211 2780 οἷποκεκλικέναι]
1239 2731 1527 2778 ἀποκεκληκέναι
1551 2735 1590 2768 Μ

355 2779 390 2814 5.
415 2782 643 2823 παρακαλεῖν
667 2779 809 2814 Vrsinus
829 2790 910 2813 cum
932 2781 1082 2825 Polybio
1106 2783 1220 2815 XXX.
1247 2782 1279 2815 4.
1304 2780 1338 2816 5.
1347 2783 1601 2823 ,παραλιπεῖν
1625 2777 1696 2812 MV

425 2824 459 2858 8.
486 2825 546 2860 καὶ
569 2824 635 2862 τὸν
660 2827 961 2870 παρακαλοῦντα]
989 2826 1050 2862 καὶ
1074 2829 1383 2872 παρακαλοῦντος
1406 2827 1468 2862 καὶ
1490 2825 1556 2861 τὸν
1580 2835 1744 2867 παρακα-

355 2871 495 2906 λοῦντα
518 2871 557 2906 Μ
678 2872 734 2908 lo.
759 2870 943 2918 ἐποιεῖτο]
971 2871 1171 2910 ἐποιουντο
1196 2874 1447 2920 wesselingius
1469 2878 1574 2916 recte,
1597 2872 1648 2906 ni
1642 2872 1663 2906 i
1686 2883 1744 2905 ex-
