1968 3346
265 276 566 322 EXCERPTA
593 271 882 320 VATchNA
908 275 956 318 L.
975 274 1128 319 XXVI.
1137 276 1334 318 ——XXX.
1433 281 1490 321 83

105 391 330 444 ἄψασθαι’
368 390 608 460 τοιγαροῦν
637 385 795 431 ἑαυτὸν
823 385 1064 457 συμμάχων
1093 387 1294 444 ἐποίησεν
1323 388 1489 459 ἔρημον

105 449 182 493 καὶ
217 447 323 499 τούς
362 445 524 490 ἑαυτοῦ
563 443 865 500 κρατήσαντας
903 444 1091 501 ὕστερον
1135 445 1489 499 πλουσιωτέρους

107 505 325 574 ἐποίησεν.
355 504 498 546 καίτοι
519 517 566 556 γε
587 505 720 544 τοῦτο
740 502 936 571 φανερὸν
960 503 1018 557 ἡν
1046 504 1180 545 πᾶσιν
1209 518 1269 552 ως
1300 501 1371 545 διὰ
1390 519 1485 561 χρη-

107 561 259 631 μάτων
289 556 557 630 βουλόμενος
586 558 790 601 ἐκτείνειν
819 557 895 608 τοὶς
923 563 1070 614 χεῖρας
1098 558 1293 609 πολλοὺς
1324 558 1379 602 ἂν
1399 575 1488 602 των

107 618 204 662 τότε
233 617 445 686 βασιλέων
475 615 549 658 καὶ
579 615 731 671 δήμων
761 615 901 664 ἔπεισε
921 619 1179 684 συμμαχεῖν
1211 613 1319 657 ἀλλὰ
1347 620 1490 666 καλῶς
1519 622 1545 665 5

108 678 251 719 ποιῶν
270 672 353 716 οὐκ
372 672 552 725 ἔπραττε
578 675 715 715 ταῦτα
745 670 804 715 δι’
835 667 898 715 ὦν
926 670 954 727 ἢ
984 671 1219 725 κρατηθεὶς
1241 670 1295 714 ἂν
1317 671 1490 741 ἐποίησε

107 729 299 780 πολλούς
336 733 426 772 τῶν
449 726 667 798 Ἑλλήνων
703 732 780 784 τῆς
822 725 974 797 αὐτῆς
994 726 1174 783 οἷτυχίας
1211 745 1261 783 με
1244 733 1436 783 ετασχεῖν
1464 728 1493 785 ἦ

108 789 183 832 καὶ
211 785 432 841 κρατήσας
459 790 549 829 τῶν
579 785 698 829 ὅλων
728 785 928 837 ἐξουσίαν
948 782 1238 841 ὑπερήφανον
1258 785 1331 828 καὶ
1352 785 1492 842 βαρος

108 843 441 896 δυςυπόστατον
469 840 822 898 περιεποιήσατο.

221 925 336 966 ΧΧΙ.
368 922 469 965 Ὀτι
497 925 579 965 τοῦ
615 920 820 974 Περσέως
850 922 896 964 ἐν
919 923 1013 979 Δίῳ
1043 921 1142 974 περὶ
1172 919 1253 990 τὴν
1289 924 1372 964 τοῦ
1410 921 1490 965 σω’-
1497 922 1547 961 10

107 998 245 1038 ματος
266 982 507 1034 θεραπείαν
525 978 766 1034 γενομένου
789 982 879 1021 τῶν
903 967 1293 1033 σωματοφυλάκων
1321 995 1386 1029 τις
1416 980 1493 1029 εἶς-

109 1036 292 1092 δραμων
313 1038 372 1088 εἰς
400 1035 480 1079 τὸν
511 1039 741 1089 λουτρῶνα
771 1034 850 1091 τήν
879 1037 1127 1088 παρουσίαν
1156 1038 1245 1077 τῶν
1274 1039 1493 1090 πολεμίων

108 1093 336 1163 εδήλωσεν.
386 1091 410 1136 ὁ
443 1089 485 1135 6’
517 1091 588 1134 ἐπι
617 1095 833 1135 τοσοῦτον
862 1090 1054 1147 ἐπτοήθη
1083 1108 1164 1148 την
1203 1091 1348 1147 ψυχὴν
1389 1092 1494 1143 ω’ςτε

51 1173 96 1208 75
110 1149 404 1219 ἐξαλλόμενος
432 1165 479 1192 εκ
514 1151 589 1203 τῆς
626 1149 802 1202 πικρίας
839 1148 913 1191 καὶ
951 1150 1111 1198 παίσας
1141 1149 1218 1191 τόν
1254 1148 1396 1204 μηρὸν
1426 1148 1494 1205 έμ-

109 1212 264 1258 ’παθῶς
297 1204 410 1249 Οὐδε
437 1205 826 1274 παραταξαμένους
855 1203 991 1260 ἡμᾶς,
1023 1202 1163 1257 εἶπεν,
1196 1207 1230 1248 ὠ
1261 1207 1384 1260 θεοί,
1414 1221 1492 1249 πα-
1500 1205 1549 1247 15

108 1266 309 1321 ραδίδοτε
332 1267 426 1312 τοῖς
455 1264 680 1318 πολεμίοις
711 1278 916 1318 αγεννως.

211 1331 315 1375 Ὀτι
347 1329 555 1399 Ρωμαῖοι
593 1329 697 1381 τούς
734 1347 780 1373 νε
764 1323 1017 1400 cmmpzo'wg
1055 1329 1311 1384 ἐτρέψαντο·
1357 1330 1495 1375 ἐνίοτε

109 1388 193 1445 γὰρ
224 1387 276 1431 τὰ
304 1384 623 1457 παραστήματα
654 1391 741 1430 τῶν
772 1384 949 1440 ανδρων
978 1386 1052 1429 καὶ
1081 1387 1134 1429 τὰ
1171 1387 1325 1439 τελέως
1355 1386 1496 1445 ἄπηλ

108 1446 296 1501 πισμένα
325 1444 436 1498 πρὸς
466 1441 804 1500 απεγνωσμένην
835 1443 928 1499 ἄγει
959 1443 1222 1486 συντέλειαν.

222 1526 353 1565 XXII.
391 1522 492 1565 Ὀτι
531 1539 574 1565 οι
612 1522 840 1577 ἐπίτροποι
872 1524 1149 1577 Πτολεμαίου
1178 1527 1260 1566 τοῦ
1292 1525 1553 1590 μείρακοςΞΟ

109 1579 305 1631 Εὐλαῖος
333 1578 356 1623 ὁ
389 1578 600 1648 εὐνοῦχος
629 1580 703 1622 καὶ
727 1584 920 1650 Ληναῖος
950 1578 973 1622 ὁ
998 1579 1150 1633 Σύρος
1179 1580 1322 1622 πάντα
1352 1580 1495 1635 πόρον

109 1639 183 1681 καὶ
213 1635 410 1705 μηχανήν
440 1633 652 1679 ἐπενόουν
682 1637 755 1679 καὶ
786 1653 983 1691 αργυρον
1012 1637 1084 1679 καὶ
1114 1636 1280 1691 χρυσὸν
1309 1638 1385 1680 καὶ
1415 1640 1497 1691 τήν

111 1693 247 1750 αλλην
278 1692 413 1761 γάζαν
442 1694 502 1743 εἰς
540 1693 589 1735 τὸ
630 1692 859 1762 βασιλικὸν
889 1692 1132 1746 ἐσώρευον,
1177 1693 1295 1744 ὅπως
1327 1693 1409 1737 οὐκ
1440 1695 1496 1738 ἄν

110 1768 176 1803 τις
212 1748 486 1806 θαυμάσειεν
527 1750 564 1792 εἰ
607 1749 680 1793 διὰ
730 1746 947 1793 τοιούτων
987 1748 1242 1805 ἀνθρώπων
1290 1750 1336 1794 ἐν
1379 1752 1495 1795 οὕτω

251 1855 306 1888 83
331 1854 366 1887 9.
402 1851 704 1898 περιεποιήσατο]
728 1850 992 1897 περιποιήσατο
1018 1854 1072 1886 ed.
1100 1856 1202 1887 Rom.

250 1901 306 1980 δὲ.
332 1898 385 1933 14.
418 1899 580 1944 πικρίας]
607 1901 767 1934 desidero
791 1898 930 1934 πυέλου
950 1908 1010 1933 aut
1030 1901 1201 1934 eiusmodi
1228 1901 1324 1945 quid
1365 1902 1500 1947 Appia-

158 1959 221 1980 nus
244 1959 266 1980 v
299 1958 397 1985 ατος.

251 1990 389 2026 83.14.
426 1990 580 2047 παίσας]
604 1991 739 2034 παίξας
764 1992 818 2026 ed.
843 1994 944 2025 Rom·

251 2039 307 2072 83.
337 2039 389 2072 17.
424 2034 496 2081 ὅτι]
531 2039 657 2093 incipit
683 2039 815 2071 codicis
840 2051 874 2082 p.
898 2038 974 2071 197.

253 2085 310 2118 83.
337 2086 392 2118 18.
428 2081 697 2140 ἀπηλπισμένα]
724 2081 973 2126 ἄπελπισμι-’να
999 2083 1052 2116 ed.
1076 2085 1177 2118 Rom.

249 2127 1293 2184 83.19.απεγνωσμένην](]ο(1.ἀπογνωσμένην.ΜΛΙ.

204 2219 262 2255 83.
291 2220 324 2254 9.
359 2220 446 2264 Erip
450 2220 476 2255 it
499 2221 592 2255 hanc
615 2221 708 2256 circa
730 2218 898 2256 Perseum
920 2220 1126 2256 sententiam
1150 2221 1325 2256 Diodorus
1347 2223 1435 2268 Pol)
1439 2220 1500 2259 bio

114 2265 278 2300 XXV.111
300 2266 334 2300 9.
368 2233 464 2301 ΜΑΡΙ.

206 2312 345 2347 83.16.
389 2313 508 2347 Persei
548 2314 718 2348 desidiam
760 2314 796 2348 in
831 2315 918 2347 urhe
949 2313 1018 2348 Dio
1058 2313 1223 2358 obiurgat
1255 2314 1429 2348 Diodorus
1464 2315 1502 2349 ἰιι

115 2358 245 2401 fragm.
270 2360 323 2392 ed.
347 2371 379 2402 p.
400 2358 480 2394 578.
528 2361 630 2403 Quod
654 2365 772 2394 autem
795 2360 831 2394 in
855 2360 995 2394 balineo
1019 2360 1179 2393 notitiam
1196 2360 1352 2393 hostium
1371 2362 1502 2394 adven

114 2403 264 2437 cantium
299 2405 472 2447 acceperit
494 2407 661 2447 Perseus,
697 2406 782 2440 dicit
805 2406 912 2440 etiam
935 2405 1112 2449 Appianas
1135 2407 1227 2449 apud
1250 2406 1397 2440 Suidam
1421 2418 1499 2443 voc.

116 2446 413 2496 ἄναλαμβανειν,
436 2451 510 2485 sine
533 2452 639 2485 dubio
664 2448 862 2486 Diodorum
885 2452 1188 2495 expilans.MA1.

207 2496 344 2533 8319.
381 2497 558 2531 Romanos
581 2502 660 2532 ante
683 2499 873 2532 adventum
897 2498 1039 2532 Aemilii
1063 2497 1195 2541 proelio
1220 2509 1322 2541 eque=
1308 2497 1370 2532 stri
1394 2496 1500 2532 fuisse

115 2541 229 2576 victos
253 2553 274 2575 a
290 2543 442 2585 Perseo,
468 2555 572 2586 quem
595 2548 717 2587 postea
741 2545 1022 2585 debellaverunt,
1046 2545 1264 2586 exploratum
1289 2548 1349 2577 εει
1395 2545 1502 2578 Iusti-

114 2599 180 2621 nus
203 2582 369 2623 XXXIII.
396 2589 439 2629 13
462 2589 639 2633 Appianas
656 2591 788 2624 maced.
815 2591 877 2624 ecl.
903 2588 956 2630 X3
982 2590 1067 2634 Pol,
1067 2590 1152 2623 bius
1174 2590 1318 2623 xxxll
1347 2589 1379 2623 8.
1427 2590 1502 2624 lam

115 2630 263 2668 Diodori
286 2634 489 2668 sententiam
513 2635 604 2668 hanc
626 2636 732 2671 latius
756 2641 901 2671 exornat
916 2637 1048 2671 Fronto
1073 2642 1190 2670 orator
1214 2637 1256 2669 de
1281 2636 1361 2669 bell.
1385 2637 1500 2679 parth.

117 2679 172 2716 ed
193 2691 283 2713 rom.
305 2692 340 2724 p.
362 2681 443 2714 202.
478 2681 577 2714 ΜΛΙ.

209 2725 266 2760 83.
293 2693 350 2760 211.
381 2727 574 2761 Ptolemaei
593 2726 650 2763 VI.
675 2722 921 2772 philometoris
943 2730 1072 2762 tutores
1096 2727 1136 2760 hi
1159 2730 1267 2760 erant.
1302 2727 1397 2771 Iege
1414 2726 1503 2760 Hie-

118 2781 304 2815 ιοιιμιιιιιιι
328 2772 364 2806 in
388 2774 478 2805 Dan.
507 2784 582 2817 cap.
602 2774 662 2807 xl.
675 2740 752 2807 l‚uhi
776 2774 805 2807 is
829 2774 959 2817 passim
980 2773 1110 2816 expilat
1132 2772 1340 2816 Polybium,
1371 2773 1504 2806 Diodo-

119 2827 198 2850 rum
225 2823 331 2861 atque
353 2819 604 2863 Porphyrium.
637 2819 895 2864 Hieronymus,
930 2819 958 2853 εἰ
982 2824 1078 2853 recta
1103 2820 1274 2861 scriptura
1297 2822 1366 2857 es‚t
1397 2819 1506 2853 habet

121 2863 286 2904 Eulaius,
308 2875 376 2898 non
396 2868 571 2898 contracta
595 2876 722 2909 graeca
747 2867 978 2909 diphthongo.
1011 2865 1111 2908 Apud
1131 2864 1320 2907 Polybium
1339 2863 1439 2900 XXV
1441 2864 1504 2899 ΙΙΙ.

120 2907 178 2948 17.
201 2889 287 2944 belli
313 2921 421 2947 causa
444 2911 621 2948 confertur
642 2912 829 2959 praecipue
851 2912 888 2949 in
910 2911 1094 2948 Eulaeum.
1127 2911 1176 2945 M
1175 2911 1226 2944 ss.

1169 2963 1233 3000 6
