1968 3346
294 219 450 268 DIOD.
471 218 575 265 SIC.
597 217 815 265 FRAGM.
835 218 918 263 EX
941 219 1244 266 FLORJLEG.
1270 223 1403 268 VAT.
1462 226 1546 269 145

155 332 360 404 ἀγαθούς
386 332 563 407 ἄνδρας
594 331 692 377 ἄλλ’
731 331 780 376 ἐκ
820 335 896 388 τῆς
930 333 1246 404 προαιρέσεως·
1286 338 1370 380 τοῦ
1405 335 1488 392 μὲν
1514 335 1545 392 ἦ

153 390 264 447 τύχη
292 391 450 446 κυρία,
479 394 561 434 τοῦ
590 388 636 434 δ’
666 387 695 448 ἡ
727 392 983 446 προαίρεσις
1013 390 1302 448 δοκιμάζεται.
1361 393 1433 437 Ex
1454 392 1545 436 flo-

155 448 311 505 rilegio
342 455 427 493 vat.
457 463 515 517 p
535 452 628 492 104.

87 515 158 552 569
271 502 325 560 β’.
374 502 441 547 Τὰ
469 503 549 560 μὲν
577 504 626 548 ἐν
654 508 747 553 τοῖς
775 501 926 554 ὅπλοις
950 503 1303 575 πλεονεκτήματα
1331 503 1440 563 τύχῃ
1468 505 1544 550 καὶ

156 564 301 616 καιρῷ
327 561 522 614 κρίνεται
549 559 782 612 πολλάκις,
821 558 849 616 ἡ
880 558 920 605 δ’
952 560 1000 604 ἐν
1029 566 1125 612 ταῖς
1155 561 1408 616 εὐπραξίαις
1441 560 1542 617 ἡμε,
1571 562 1599 604 5

128 650 131 652 v
154 617 289 716 ἷόέηὲ
323 615 442 661 ἰ’διόν
471 617 561 662 ἐστι
590 623 772 675 σημεῖον
809 620 886 674 τῆς
920 621 1010 663 τῶν
1038 615 1345 675 εὐτυχούντων
1373 617 1545 676 ἀρετῆς.

177 690 207 716 n
238 691 252 716 1
287 689 355 716 em
460 679 530 719 75.

270 728 324 787 γ’.
369 689 431 773 Ξί
463 734 555 774 τῶν
591 729 763 776 πόλεων
801 730 1050 785 πολιορκίαι
1079 731 1154 776 καὶ
1183 730 1443 801 παρατάξεις
1471 731 1546 775 καὶ

155 785 292 832 ταλλα
339 803 394 830 τα
435 803 544 831 κατα
585 785 780 842 πόλεμον
814 787 1122 858 προτερήματα
1159 788 1212 831 τὰ
1249 789 1430 831 πλείονα
1472 788 1545 832 διὰ

155 843 293 900 τύχην
319 842 351 901 ἢ
387 842 450 888 δι’
484 843 644 916 ἀρετὴν
682 842 1030 917 ἐπιτυγχάνεται·
1077 842 1100 889 ὁ
1133 842 1176 889 δ’
1219 844 1267 888 ἐν
1302 849 1399 896 ταῖς
1427 844 1544 897 ἐξου-
1550 853 1602 892 10

157 902 274 952 σίαις
302 899 412 956 πρὸς
438 900 544 953 τούς
569 900 828 952 ἐπταικότας
857 901 973 952 ε’λεος
999 899 1282 971 μεριζόμενος
1306 900 1381 945 διὰ
1409 900 1546 971 μόνης

157 962 236 1013 τῆς
272 957 531 1029 φρονήσεως
558 960 832 1027 γίνεται·οῖ
858 961 1051 1002 πλεῖστοι
1087 958 1171 1029 γὰρ
1210 958 1284 1002 δια
1312 974 1394 1014 την
1424 955 1548 1001 εὐτυ-

156 1017 257 1072 χίαν
286 1014 539 1069 ἐπαίρονται
568 1015 665 1084 μὲν
675 1019 771 1065 ταῖς
799 1012 1076 1068 εὐπραξίαις,
1107 1013 1392 1086 ὑπερήφανοι
1422 1013 1467 1058 δ’
1498 1014 1547 1058 ἐν

158 1076 253 1123 ταῖς
299 1070 519 1142 εὐτυχίαις
566 1070 792 1140 γινόμενοι
836 1074 922 1140 τῆς
955 1069 1242 1127 ἀνθρωπίνης
1281 1071 1357 1115 καὶ
1394 1075 1549 1126 κοινῆς

156 1126 391 1178 ἀσθενείας
423 1126 817 1171 ἐπιλανθάνονται·
857 1125 927 1171 διὸ
964 1132 1050 1171 νῦν
1079 1128 1153 1172 καὶ
1181 1128 1286 1180 τοὺς
1314 1129 1602 1179 πλείστουςι5

155 1182 269 1239 ὁρᾶν
293 1184 382 1227 ἔστι
410 1182 492 1240 τὴν
513 1182 718 1239 εὐτυχίαν
745 1184 888 1241 ὥςπερ
919 1183 1038 1242 βαρὺ
1058 1186 1249 1242 φορτίον
1268 1185 1421 1242 φέρειν
1444 1184 1547 1228 0262:-

154 1245 411 1292 νατοῦντας.
470 1241 674 1284 Indidem
705 1258 750 1299 p.
775 1246 844 1286 75.

262 1295 314 1341 δ’.
374 1301 481 1347 Ταῖς
518 1296 736 1353 εὐτυχίαις
774 1299 932 1343 εἴωθεν
974 1314 1034 1350 ως
1074 1297 1237 1342 ἐπίπαν
1284 1295 1550 1343 ἀκολουθεῖν

158 1354 361 1426 ῥᾳθυμία
397 1354 474 1398 καὶ
510 1354 852 1425 καταφρόνησις.
904 1353 1057 1409 διόπερ
1096 1354 1207 1399 ἔνιοι
1244 1354 1550 1424 προςηκόντως

157 1408 561 1482 ὑπολαμβάνουσιν
597 1410 905 1482 εὐχερέστερον
937 1410 1152 1482 ὑπάρχειν
1182 1411 1434 1482 συμφοράς
1445 1409 1544 1456 ύπε-
1532 1419 1604 1459 -20

157 1473 328 1538 νεγκεῖν
356 1467 624 1521 ἐπιδεξίως“
595 1487 629 1537 η
648 1470 726 1520 τὰς
755 1466 1004 1524 εὐμεγέθεις
1033 1467 1263 1524 εὐημερίας
1278 1467 1545 1538 ἐμφρόνως·

159 1527 207 1569 αἱ
246 1541 327 1595 μεν
354 1524 440 1581 γὰρ
470 1524 543 1569 δια
581 1524 661 1569 τόν
694 1526 795 1581 περὶ
834 1529 915 1569 τοῦ
953 1526 1188 1596 μέλλοντος
1229 1522 1394 1593 φόβον
1416 1537 1547 1570 συνα·

159 1580 454 1652 ναγκάζουσιν
471 1581 789 1637 ἐπιμελεῖσθαι.
821 1584 868 1626 αἱ
897 1581 943 1627 δὲ
972 1583 1046 1628 διὰ
1073 1582 1122 1626 vd
1153 1581 1425 1639 προγεγονὸς
1444 1598 1548 1638 προ-

158 1641 396 1696 ιρὲπονται
423 1655 726 1696 καταφρονειν
753 1637 948 1684 πάντων.
1008 1640 1210 1682 Indidem
1245 1655 1290 1698 p.
1322 1643 1392 1684 75

158 1773 266 1807 quam
287 1762 340 1797 ibi
364 1764 663 1800 constantinianus
685 1764 887 1809 eclogarius
909 1764 1112 1805 omittebam
1137 1764 1197 1798 sed
1217 1767 1333 1798 tamen
1349 1763 1445 1807 apud
1463 1763 1551 1797 Dio-

159 1811 286 1844 dorum
307 1810 449 1855 legebat
479 1822 550 1845 uon
581 1812 698 1846 solum
730 1811 915 1857 florilegus
942 1810 1150 1852 vaticanus,
1187 1821 1310 1845 verum
1342 1810 1451 1845 etiam
1481 1809 1552 1845 Dio

161 1855 324 1897 Cassius,
347 1860 387 1890 ut
401 1861 574 1901 excerpta
595 1857 837 1901 meap.182.
863 1858 1112 1892 demonstrant.
1150 1857 1250 1890 ΜΑΙ.

253 1881 335 1938 145.
359 1902 394 1938 6.
426 1904 554 1945 Confer
575 1903 780 1940 Ciceronem
802 1914 868 1950 pro
890 1904 1063 1941 Marcello
1089 1913 1167 1948 cap.
1182 1903 1227 1938 Π.
1251 1903 1314 1940 111.
1348 1901 1448 1938 MAI.

1227 2914 1282 2954 lo
