1968 3346
403 161 459 198 ἰθ
687 155 988 199 EXCERPTA
1016 157 1212 206 1’110T11
1241 157 1291 203 L.
1316 156 1529 200 xxxvl!

427 265 615 324 Ψιᾶμαις.
636 265 904 338 συνέβησαν
949 269 998 313 δὲ
1033 269 1110 312 καὶ
1155 268 1301 321 ἕτεραι
1347 271 1544 339 ταραχαί
1594 270 1618 313 6
1645 269 1809 339 μέντοι

405 286 589 376 {ww-ag
617 321 784 375 ὕπατος
814 322 892 378 ὤν,
922 326 1155 396 χωρισθεὶς
1183 330 1258 386 τῆς
1273 323 1447 396 Ρώμης
1475 323 1588 381 πρὸς
1607 326 1684 378 τὰς
1711 328 1811 396 περὶ

415 382 578 425 Νῶλαν
617 379 916 450 ήθροισμένας
957 382 1217 451 παρεγένετο
1249 382 1481 453 δυνάμεις,
1519 384 1594 426 καὶ
1621 383 1813 435 πολλοὺς

307 443 388 483 100
417 441 506 481 τῶν
533 437 848 510 πλησιοχωρων
877 438 1258 509 καταπληξάμενος
1285 436 1506 494 ἠνάγκασε
1533 441 1815 510 παραδοῦναι

417 497 535 550 σφᾶς
564 492 728 545 αὐτοὺς
755 495 829 538 καὶ
857 496 934 546 τας
962 494 1122 547 πόλεις.
1152 499 1233 544 τοῦ
1263 496 1311 539 δὲ
1339 495 1496 544 Σύλλα
1525 495 1816 551 στρατεύσαν-

416 565 490 601 τος
517 550 599 606 μὲν
636 550 707 594 ἐπὶ
746 567 829 608 την
850 550 998 598 Ἀσίαν
1034 552 1146 600 κατά
1174 551 1485 606 Μιθριδάτου,
1524 556 1601 609 τῆς
1637 553 1683 596 δὲ
1707 552 1816 596 ‘Pan'-

418 624 502 663 μης
530 606 738 677 μεγάλαις
762 613 969 680 ταραχαῖς
996 609 1070 653 καὶ
1099 608 1301 663 φόνοις
1283 609 1514 665 ἐμφυλίοις
1542 608 1818 678 περισπωμέ-

365 669 525 718 ὅνης,
566 663 757 733 ΙνΙάρκος
791 662 1004 716 Ἀπώνιος
1041 666 1116 710 καὶ
1157 665 1357 737 Τιβέριος
1388 668 1623 717 Κλεπίτιος
1667 666 1729 714 ἔτι
1769 665 1817 710 δὲ

419 719 650 776 Πομπήιος
672 754 684 773 ,
732 722 777 764 οἱ
823 738 914 765 των
956 721 1217 767 ὑπολοίπων
1264 722 1518 772 Ἰταλιωτῶν
1564 724 1827 793 στρατηγοί,

418 778 720 849 διατρίβοντες
757 777 804 820 ἓν
840 782 895 836 τῇ
934 780 1138 849 Βρεττία,
1185 777 1317 830 Ἰσίας
1352 779 1432 849 μὲν
1473 777 1603 823 πόλιν
1646 777 1816 835 ὀχυραν

418 833 488 877 ἐπὶ
527 834 671 878 πολύν
705 833 870 888 χρόνον
917 835 1284 890 πολιορκήσαντες
1337 834 1422 879 οὐκ
1466 837 1652 891 ι’σχυσαν
1688 836 1816 888 ἑλεῖν,

417 889 549 960 μέρος
584 889 626 934 δ’
668 889 738 933 ἐπὶ
773 894 849 946 τῆς
889 893 1149 946 πολιορκίας
1177 895 1260 934 τοῦ
1275 892 1618 962 στρατεύματος
1645 897 1818 936 καταλι-

339 952 390 991 10
418 946 576 998 πάντες
603 949 658 1004 τῆ
683 951 816 1016 λοιπῇ
844 947 894 993 τό
922 948 1103 1018 “Ρήγιον
1131 951 1319 1004 ἰσχυρῶς
1348 949 1662 1021 ἐπολιόρκουν,
1704 949 1820 993 {mi-
1830 995 1832 998 ,

421 1006 589 1055 ζοντες,
629 989 667 1047 εἰ
694 1002 853 1074 ταύτης
891 1005 1177 1075 κρατήσαιεν,
1218 1006 1380 1075 ῥᾳδίως
1409 1006 1471 1056 εἰς
1500 1006 1579 1061 τὴν
1608 1007 1829 1052 Σικελίαντ

421 1058 694 1129 διαβιβάσειν
722 1060 799 1111 τὰς
810 1061 1043 1132 δυνάμεις
1077 1062 1153 1106 καὶ
1170 1061 1424 1133 κρατήσειν
1452 1065 1528 1131 τῆς
1558 1060 1832 1131 εὐδαιμονε-.

420 1115 577 1186 στάτης
614 1120 704 1160 τῶν
731 1115 821 1161 ὑπὸ
859 1116 940 1161 τόν
966 1118 1096 1176 ἥλιον
1123 1117 1286 1174 νήσων
1318 1116 1419 1161 ἀλλ’
1447 1117 1473 1162 6
1503 1117 1664 1189 ταύτης
1693 1129 1820 1173 στρα-

340 1174 390 1218 15
420 1172 550 1229 τηγός
590 1172 727 1225 Γάιος
763 1172 1004 1245 Ὀρβανός,
1050 1178 1192 1232 πολλῃ
1231 1174 1416 1230 δυνάμει
1451 1175 1526 1218 καὶ
1562 1178 1822 1244 παρασκευη

419 1231 495 1273 καὶ
542 1232 772 1300 προθυμίᾳ
823 1231 1117 1303 χρησάμενος,
1167 1231 1242 1279 καὶ
1290 1230 1674 1301 καταπληξάμενος
1717 1230 1824 1282 τούς

415 1283 659 1339 Ἰταλιώτας
697 1292 758 1341 τῷ
796 1289 971 1345 μεγέθει
1006 1293 1085 1345 τῆς
1120 1292 1423 1359 παρασκευῆς,
1462 1287 1679 1360 ἐξήρπασε
1715 1287 1822 1338 τούς

416 1342 661 1415 Ρηγίνους.
701 1343 793 1388 εἶτα
824 1349 901 1402 τῆς
939 1346 1039 1400 περὶ
1066 1344 1249 1389 Σύλλαν
1287 1345 1362 1388 καὶ
1391 1344 1579 1417 Μάριον
1603 1344 1823 1400 εμφυλίου

421 1401 611 1451 στάσεως
655 1398 1044 1457 ἀναρριπισθείσης
1079 1401 1341 1457 Ρωμαίοις,
1389 1403 1434 1444 οἱ
1470 1418 1549 1457 μεν
1586 1402 1739 1459 Σύλλα
1780 1402 1826 1446 οἱ

338 1461 394 1503 20
423 1457 471 1500 δὲ
509 1458 674 1514 Μαρίῳ
717 1459 1035 1530 συνεμάχησαν.
1073 1459 1148 1501 καὶ
1175 1458 1224 1502 τὸ
1253 1475 1332 1529 μεν
1361 1457 1496 1501 πλέον
1527 1456 1674 1502 αυτών
1701 1459 1823 1501 ε’πεσε

422 1518 516 1564 τοῖς
552 1515 778 1569 πολέμοις,
825 1514 875 1559 τὸ
914 1514 956 1559 6'
1006 1513 1255 1558 ὑπόλοιπον
1295 1514 1630 1569 ἐπικρατήσαντι
1668 1513 1890 1571 Σύλλᾳ541

421 1571 736 1639 προςεχώρησε.
775 1572 849 1615 καὶ
890 1570 1008 1615 οὕτω
1047 1570 1194 1615 τέλεον
1233 1574 1288 1639 τῇ
1334 1571 1531 1641 ἐμφυλίῳ
1570 1558 1833 1642 σνναπέσρη

422 1626 573 1673 στάσει
617 1630 818 1685 μέγιστος
863 1627 1056 1686 γεγονώς
1107 1629 1183 1674 καὶ
1221 1626 1245 1672 6
1289 1617 1527 1688 Μαρσικὸς
1575 1627 1832 1684 επικληθεὶς

367 1717 397 1757 2
424 1684 628 1756 πόλεμος.

339 1773 396 1814 25
528 1741 630 1785 Ὀτι
661 1740 832 1812 μεγάλη
871 1741 1021 1792 στάσις
1055 1740 1268 1799 εμφύλιος
1305 1739 1390 1811 ’ἤδη
1424 1740 1719 1797 διαλυομένου
1745 1744 1828 1784 τοῦ

425 1800 670 1852 Μαρσικοῦ
715 1798 874 1869 γέγονε
914 1799 1132 1868 πολέμου,
1190 1800 1243 1854 ῆς
1294 1797 1488 1853 ηγοῦντο
1535 1798 1711 1849 Σύλλας
1752 1798 1829 1841 καὶ

426 1853 491 1898 Γ
465 1872 560 1905 αιος
588 1853 785 1910 Μάριος,
827 1854 925 1907 νέος
962 1855 1048 1906 ὤν,
1089 1854 1113 1899 6
1151 1855 1336 1909 Μαρίου
1369 1859 1450 1898 τοῦ
1479 1855 1690 1906 πολλάκις
1719 1853 1829 1898 ὑπα

425 1911 652 1965 τευκότος,
692 1911 867 1964 επτάκις
882 1911 981 1982 γὰρ
1012 1910 1253 1960 ὑπάτευσε,
1293 1916 1409 1962 παῖς.
1447 1912 1494 1955 ἐν
1524 1911 1570 1955 δὲ
1591 1928 1650 1979 τῃ
1681 1909 1833 1961 στάσει,

339 1972 396 2013 30
426 1969 584 2011 πολλαὶ
622 1967 832 2025 μυριάδες
867 1966 1124 2022 ἀνθρώπων
1160 1966 1457 2037 ἀνῃρέθησαν.
1496 1966 1703 2038 ἐκράτησε
1733 1965 1774 2011 δ’
1803 1965 1834 2019 6

423 2024 625 2077 Σύλλας,
655 2026 728 2069 καὶ
759 2026 973 2079 δικτάτωρ
1002 2023 1216 2080 γεγονώς,
1258 2023 1556 2080 ἐπαφρόδιτόν
1593 2041 1638 2068 τε
1661 2022 1830 2093 ὀνομᾴ·

424 2092 505 2132 σας
534 2081 718 2134 εαυτόν,
759 2081 843 2125 οὐκ
884 2080 1078 2153 εψεύσθη
1112 2085 1188 2136 τῆς
1218 2078 1492 2133 ἀλαζονείας·
1533 2085 1708 2134 κρατῶν
1743 2080 1829 2150 γάρ

423 2143 517 2189 τοῖς
546 2137 752 2208 πολέμοις
792 2141 889 2198 ἰδίῳ
932 2137 1116 2208 άπεβίω
1128 2139 1326 2193 θανάτῳ.
1365 2138 1387 2182 6
1419 2138 1465 2182 δε
1495 2122 1676 2207 Μάριος
1713 2136 1831 2194 μάχῃ

424 2198 478 2252 τῇ
507 2193 618 2250 πρὸς
645 2195 824 2239 Σύλλαν
851 2185 1062 2250 γενναίως
1091 2193 1445 2250 ἀγωνισάμενος,
1487 2194 1604 2249 ὅμως
1631 2193 1833 2250 ἡττηθεὶς

342 2259 398 2303 85
428 2252 672 2309 κατέφυγεν
709 2253 771 2304 εἷς
808 2254 1022 2309 Πραίνεο
1017 2268 1084 2297 ον
1123 2251 1214 2308 ἅμα
1242 2253 1419 2309 μυρίοις
1457 2252 1827 2308 πεντακιςχιλίοις.

426 2385 508 2425 100.
540 2387 819 2448 πλησιοχώρων]
860 2390 1015 2435 πλησίον
1054 2387 1187 2435 χώρων
1217 2389 1249 2424 Α
1424 2387 1458 2424 2.
1484 2385 1557 2433 ἐπὶ]
1588 2386 1683 2424 nocto?
1714 2388 1828 2423 Ams.t

535 2436 570 2470 4.
610 2435 802 2479 Ἀπώνιος]
844 2437 1070 2480 Λαμπώνιος
1113 2441 1166 2470 est
1203 2436 1365 2469 monente
1394 2415 1496 2469 W6ss
1485 2435 1630 2480 elingio
1793 2433 1829 2468 5.

427 2483 640 2526 Κλεπίτιος]
684 2482 863 2523 Κλέπτιος
902 2484 934 2517 Β
1113 2480 1327 2539 Πομπήιος]
1373 2479 1534 2521 Πόντιος
1576 2479 1831 2524 'Nesselingius

528 2529 562 2563 7.
594 2527 700 2568 Ἰσίας
733 2529 764 2563 Α
787 2530 920 2569 Amet,
959 2527 1089 2568 caeteri
1116 2525 1255 2568 ³Acn'ocg:
1296 2527 1426 2568 Τισίας
1465 2529 1549 2561 Wes
1551 2525 1718 2570 selingius

430 2575 463 2608 8.
496 2572 568 2610 ούκ
601 2594 644 2602 -
676 2575 710 2611 9.
734 2573 996 2615 καταλιπόντες
1031 2575 1161 2608 addunt
1184 2575 1213 2607 A
1236 2573 1347 2608 Amet.
1512 2575 1566 2607 11.
1591 2571 1830 2617 κρατήσαιεν]

432 2619 624 2677 κρατήσειε
646 2620 729 2656 Ams
733 2627 757 2656 t.
933 2621 991 2655 14.
1021 2618 1223 2666 Ὀρβανὸς]
1258 2618 1463 2665 Νορβανὸς
1487 2618 1739 2664 Wesselingius

430 2667 486 2701 17.
509 2665 701 2713 ‘erivovg
723 2669 774 2712 A,
798 2666 929 2703 caeteri
949 2663 1118 2713 Ρηγίους

523 2735 685 2773 5ὲ1.22
709 2734 981 2793 προςεχώρησε]
1012 2735 1252 2785 προεχώρησε
1275 2735 1383 2773 Amsu
1545 2734 1601 2772 25.
1630 2731 1830 2779 διαλυομέ-

434 2783 518 2828 νου]
546 2783 808 2830 διαλεγομένου
831 2786 943 2822 Amst.
