1968 3346
371 209 671 254 EXCERPTA
699 209 985 253 VATICANA
1013 210 1063 251 L.
1084 209 1238 251 XXXI.
1441 213 1497 254 91

92 318 93 321 ¹
120 322 209 369 ὖπό
237 323 318 381 τὴν
347 322 550 375 ἐξουσίαν
583 322 848 394 περιβαλεῖν
866 319 1118 391 ἀνηκέστοις
1147 326 1418 391 συμφοραῖς5
1458 322 1501 365 τί

122 381 170 426 δὲ
200 379 359 437 ὄφελος
385 383 462 434 τῆς
489 378 776 446 γεγενημένης
804 379 950 433 νίκης,
989 377 1045 421 ἂν
1073 377 1380 449 ὑπερηφάνως
1402 395 1501 448 χρη

122 437 306 493 σάμενοι
342 441 434 506 τρῖς
468 434 810 488 κατορθώμασιν
846 435 1137 490 έξαλείφωμεν
1166 436 1244 505 τὴν
1274 435 1500 490 προϋπάρ-

121 505 290 565 χουσαν
328 491 546 561 εὐφημίαν
578 490 749 544 ανάξιοι
788 491 997 546 φανέντες
1032 496 1121 535 τῶν
1152 491 1502 549 εὐτυχηθέντων;

122 551 326 622 μέγιστον
342 548 438 620 γάρ
468 548 641 603 καρπὸν
671 550 849 619 δικαίως
879 547 934 590 ἄν
962 565 1026 599 τις
1047 547 1255 619 ἡγήσαιτο
1285 555 1376 600 τοῖς
1396 566 1502 602 πρα-
1533 555 1560 598 5

123 607 301 678 γμάτων
330 605 607 661 ὀρεγομένοις
634 604 716 675 τήν
743 605 810 648 ἐπὶ
828 610 920 655 τοῖς
949 605 1136 656 καλοῖς7
1123 605 1266 675 ε’ργοις
1290 605 1505 657 εὐδοξίαν.

125 665 196 708 διὸ
213 664 287 707 καὶ
307 662 538 718 θαυμάσαι
566 679 630 713 τις
655 662 710 704 ἂν
729 678 822 712 πως
846 661 1032 712 ἅπαντες
1059 663 1212 732 σχεδὸν
1237 660 1507 733 ὁμολογοῦν-

123 736 194 771 τες
233 718 346 764 εἶναι
364 719 463 789 τήν
501 719 549 762 ἐν
579 717 697 789 ἀρχῇ
732 721 1076 791 περιβοηθεῖσαν
1108 717 1332 773 απόφασιν
1362 719 1508 774 αληθῆ

122 778 199 822 καὶ
204 774 547 848 συμφέρουσαν
574 775 642 819 ἐπὶ
671 779 747 831 τῆς
774 778 925 830 πείρας
955 775 1009 819 οὐ
1029 778 1260 831 βεβαιοῦσι
1284 775 1364 845 τήν
1390 778 1508 819 ἰδίαν

122 832 316 905 γνώμην.
349 835 414 876 δεῖ
433 833 478 876 δὲ
499 838 622 901 οἰμαι
643 832 749 884 τούς
767 837 880 876 νοῦν
899 833 1096 888 ἔχοντας,
1129 832 1236 876 ὅταν
1256 850 1310 875 τα
1330 832 1566 903 μέγιστα10

123 889 479 959 ἐπιτυγχανωσι,
505 889 603 933 τότε
646 888 831 945 μάλιστα
866 893 943 959 τῆς
983 889 1183 960 ἐναντίας
1219 889 1511 959 περιστάσεως

125 948 304 991 ε’ννοιαν
333 944 595 1017 λαμβανειν,
633 946 707 990 καὶ
735 950 867 989 νικᾶν
895 945 974 1002 μὲν
992 944 1184 1015 ὦνδρείᾳ
1212 946 1318 997 τοὺς
1350 944 1512 989 οἷντιτε-

124 1004 392 1060 ταγμένους,
421 1003 651 1071 ἡττᾶσθαι
667 1002 713 1046 δὲ
744 1001 1058 1072 εὐγνωμοσύνη
1087 1007 1168 1046 τοῦ
1197 1020 1287 1046 των
1316 1001 1514 1046 ἐπταικό-

124 1077 214 1105 των
243 1061 385 1104 ἐλέου·
426 1064 565 1103 ταῦτα
596 1059 682 1127 γάρ
722 1059 1016 1129 συμβάλλεται
1050 1060 1214 1129 μεγάλα
1243 1060 1354 1115 πρὸς
1388 1060 1512 1116 αὔξη-

125 1130 198 1162 σιν
225 1122 334 1161 πᾶσι
352 1133 432 1187 μεν
463 1115 738 1170 ἀνθρώποις,
769 1116 955 1185 μάλιστα
976 1116 1022 1160 δε
1042 1134 1136 1167 τοις
1153 1115 1387 1187 ἡγεμονίας
1406 1133 1509 1171 προ-
1497 1121 1568 1164 -15

125 1173 367 1243 εστηκόσιν.
398 1172 578 1223 ἕκαστος
607 1190 692 1229 γαρ
723 1189 813 1215 των
834 1172 1142 1244 η’σθενηκότων
1166 1173 1376 1224 ἑκουσίως
1403 1189 1511 1217 υπο-

124 1229 388 1302 ταττόμενος
428 1228 674 1299 προθύμως
714 1227 922 1300 ὑπηρετεῖ
956 1247 1030 1273 και
1071 1228 1214 1273 πάντα
1246 1231 1512 1299 συμπράττει

126 1285 223 1343 μετ’
264 1286 452 1336 εὐνοίας.
493 1286 656 1341 ταύτης
695 1284 736 1328 δ’
777 1287 945 1329 εοίκασι
974 1286 1181 1342 Ρωμαῖοι
1220 1286 1406 1342 μάλιστα
1442 1304 1512 1330 πε-

127 1348 341 1414 ποιῆσθαι
359 1343 589 1397 πρόνοιαν,
622 1342 942 1413 βουλευόμενοι
977 1359 1288 1399 πραγματικως
1315 1345 1389 1387 καὶ
1418 1350 1513 1394 ταῖς

127 1403 187 1452 εἰς
215 1400 321 1450 τοὺς
360 1401 672 1468 κρατηθέντας
698 1398 983 1467 εὐεργεσίαις
996 1400 1254 1456 θηρώμενοι
1282 1400 1405 1453 παρα
1435 1402 1571 1457 μὲν20

37 1469 39 1505 ζ
76 1474 217 1507 ὃῡτων
256 1460 305 1501 εὐ
345 1456 584 1499 παθόντων
617 1455 797 1511 χάριτας
828 1455 1139 1512 αειμνήστους,
1178 1473 1298 1513 παρα
1340 1458 1388 1502 δὲ
1425 1462 1515 1501 τῶν

38 1536 40 1542 ’
86 1530 111 1564 1)
130 1514 275 1558 α’λλων
303 1513 483 1559 πάντων
512 1529 592 1556 τον
620 1515 794 1556 δίκαιον
825 1514 1020 1557 ε’.παινον

242 1595 315 1635 IV.
348 1592 446 1636 ι’Ότι
476 1597 552 1649 τῆς
582 1591 714 1664 τύχης
745 1590 987 1662 εὐροούσης
1017 1597 1108 1645 τοῖς
1133 1591 1364 1650 Ῥωμαίοις
1393 1592 1518 1650 έβου-

126 1650 310 1694 λεύοντο
342 1665 448 1706 μετα
476 1653 636 1705 πολλῆς
667 1650 930 1701 επισκέψεως
953 1666 1046 1701 πως
1066 1651 1251 1707 καθήκει
1269 1652 1519 1712 χρήσασθαι

128 1713 221 1759 τοῖς
268 1704 533 1762 εὐτυχήμασι
577 1723 687 1749 κατα
729 1706 898 1760 τρόπον
938 1705 1081 1762 εὐχερε
1065 1710 1241 1762 σ’τερον
1289 1724 1402 1751 ειναι
1439 1711 1576 1756 τοῦ25

130 1765 519 1833 καταγωνίσασθαι
545 1768 637 1814 τοῖς
648 1761 812 1835 ρ’πλοις
841 1763 944 1814 τούς
974 1763 1320 1832 ἀντιταχθέντας.
1353 1763 1407 1808 οὐ
1432 1764 1521 1819 μὴν

131 1823 206 1865 καὶ
237 1819 424 1877 ταληθες
463 1818 604 1870 οὕτως
645 1818 752 1874 ἔχει
790 1822 967 1871 πλείους
995 1821 1080 1890 γὰρ
1123 1819 1266 1876 εὑρεῖν
1297 1822 1385 1864 ε’στι
1415 1820 1522 1872 τούς

132 1877 320 1947 εὐγενῶς
349 1875 693 1933 κινδυνεύοντας
722 1880 811 1920 τῶν
841 1882 936 1929 ταῖς
960 1877 1208 1934 εὐημερίαις
1230 1878 1524 1934 ανθρωπίνως

130 1934 383 1992 χρωμένων.

253 1992 387 2035 Οὐτοι
417 1989 463 2034 δε
491 1988 632 2037 πολλα
662 1988 773 2045 πρὸς
804 1988 952 2059 δέησιν
982 1991 1056 2034 καὶ
1086 1992 1371 2061 παραίτησιν
1381 1990 1517 2034 εἶπόν·
1524 2002 1579 2042 30

133 2065 203 2100 τες
234 2049 308 2093 καὶ
337 2046 387 2090 τὸ
423 2051 676 2090 τελευταῖον
714 2047 825 2089 κατα
855 2046 935 2116 τὴν
963 2051 1218 2119 παροιμίαν
1236 2047 1287 2091 τὸ
1317 2047 1523 2091 κύκνειον

134 2106 317 2162 ᾳσαντες
346 2103 475 2159 μέλος
503 2103 630 2173 μόγις
659 2103 819 2159 ε’λαβον
837 2102 1127 2173 αποκρίσεις,
1158 2102 1218 2148 δι’
1252 2106 1316 2147 ὠν
1336 2108 1418 2147 τοῦ
1442 2102 1523 2159 φό-

134 2151 221 2219 βου
249 2162 539 2217 παρείθησαν.
586 2159 686 2204 ’Ότι
713 2163 803 2203 τῶν
831 2159 1139 2218 ἐπηρτημένων
1161 2159 1318 2218 φόβων
1338 2159 1525 2206 ἐδόκουν

272 2277 330 2311 91.
355 2276 390 2310 3.
425 2272 686 2319 ἕξαλείφωμεν]
713 2273 950 2319 ἐξαλείφομεν
979 2277 1033 2309 ed.
1058 2278 1160 2310 Rom.

272 2322 412 2357 91.19.
443 2320 718 2379 βουλευόμενοι]
747 2320 966 2378 βουλόμενοι
990 2323 1043 2357 ed.
1070 2323 1176 2357 Rom.

275 2369 334 2402 91.
361 2369 418 2407 21.
453 2364 495 2403 εὖ
517 2369 737 2424 παθόντων]
766 2366 1013 2407 εὐπαθόντων
1040 2369 1095 2402 ed.
1122 2371 1224 2403 Rom.

275 2414 332 2447 91.
356 2413 413 2447 25.
446 2422 527 2467 post
551 2411 776 2459 εὐτυχήμασι
800 2416 887 2448 haec
916 2417 991 2448 fere
1016 2416 1162 2455 ‹ie-sunt:
1196 2411 1326 2449 πολλοὶ
1355 2410 1424 2464 μὲν
1456 2423 1528 2451 ῦυν

183 2456 365 2505 ἡγοῦνται
387 2457 429 2493 τὸ
452 2457 662 2502 χρήσασθαι
685 2463 765 2500 τοῖς
789 2457 1027 2504 εὐτυχήμασι.

276 2506 334 2541 91.
358 2506 415 2540 27.
448 2503 624 2550 τάληθὲς]
651 2503 766 2551 ἄληθὲ
771 2519 789 2546 ς
813 2508 868 2541 ed.
893 2509 994 2541 Rom.

229 2606 510 2642 91.29.}1aec
541 2607 626 2641 item
659 2607 833 2651 pertinent
864 2608 909 2641 ad
940 2607 1226 2642 deliberationem
1261 2607 1297 2640 in
1324 2609 1446 2640 senatu
1471 2617 1530 2639 ro-

139 2663 244 2688 mano
266 2653 446 2692 habitam,
471 2659 587 2686 utrum
611 2655 745 2687 bellum
766 2654 984 2687 indicendum
1005 2667 1040 2687 es
1043 2658 1092 2687 set
1112 2653 1262 2687 Rhodiis
1285 2664 1403 2686 necne.
1429 2652 1467 2685 M
1472 2653 1530 2684 -11,

233 2699 289 2733 91.
314 2699 371 2734 δυ.
396 2700 442 2742 ᾓκΕ
447 2703 518 2732 xtat
541 2700 601 2740 1110
624 2701 722 2733 locus
745 2700 868 2734 iisdem
893 2701 968 2733 fere
991 2700 1108 2733 verbis
1132 2700 1166 2732 in
1184 2699 1330 2732 Diodori
1352 2699 1531 2741 fragmen-

141 2743 186 2778 tis
208 2744 312 2778 editis
335 2745 397 2778 lib.
422 2745 553 2778 XXXI.
580 2757 612 2788 p.
630 2745 719 2787 515;
746 2757 867 2780 verum
889 2746 981 2779 idem
1003 2746 1155 2779 sumitur
1178 2757 1218 2779 ex
1246 2746 1329 2788 Poly
1328 2744 1395 2777 bio
1416 2743 1532 2777 XXX.

142 2789 176 2823 4.
207 2790 421 2835 Legatorum
446 2791 651 2825 111ndioru1n
685 2792 799 2826 oratio
823 2797 916 2826 extat
941 2793 1037 2826 dives
1060 2793 1153 2835 apud
1177 2757 1329 2826 Lissium‘y
1342 2790 1449 2825 XLV.
1473 2789 1530 2823 225.

143 2836 243 2870 Duae
265 2848 348 2874 vero
372 2838 464 2881 apuj
487 2838 612 2883 Polyb.
634 2838 751 2872 XXX.
777 2837 810 2872 4.
849 2838 945 2873 nm.
