1968 3346
371 235 670 282 ExcERPTA
697 237 1130 282 HOESCHELIANA
1158 238 1206 281 L.
1235 237 1387 282 XXIV.
1517 243 1574 284 25

193 354 238 397 οἷ
254 351 364 395 κατὰ
380 367 456 401 τας
477 350 652 405 ἐνέδρας
679 350 892 410 κλίμακας
921 349 1120 403 ἑτοίμους
1150 349 1318 405 ἔχοντες
1341 349 1574 421 ἀνέβησαν,

191 409 265 453 καὶ
293 407 341 451 τό
378 411 553 462 πρῶτον
589 412 725 461 τεῖχος
751 391 884 449 εἶλον.
918 404 1112 456 οἰκούσας
1141 407 1188 450 65
1219 407 1242 449 ὁ
1270 408 1576 465 Καρχηδόνιος
1636 410 1644 422 “

192 463 445 536 στρατηγός,
468 464 682 507 ἐπιπεσών
701 462 852 512 αὐτοῖς
870 461 918 505 ἐν
929 480 992 505 ενι
1002 478 1125 506 τοπω
1145 461 1355 516 ἐφόνευσε
1374 467 1574 520 μυρίους,

190 522 266 592 οιαὶ
294 523 398 571 τοὺς
437 521 596 571 ἄλλους
630 518 847 587 ἠνάγκασε
885 518 1076 574 φεύγειν.
1115 519 1258 563 πάντα
1288 521 1334 564 65
1363 521 1577 591 πολεμικὰ

193 577 378 633 ὄργανα,
401 578 601 647 χελώνας,
621 575 929 630 πετροβόλους,
961 575 1125 628 κριούς,
1154 579 1403 632 χωστρίδας,
1434 577 1577 622 πνεύί-

193 651 340 704 ματος
356 632 546 706 μεγάλου
570 632 909 681 ἐπιπνεύσαντος
928 631 1171 702 ἐνέπρησαν
1197 633 1433 703 Ῥωμαίων.
1463 634 1578 679 ἰδόν-
1607 634 1663 678 85

193 708 262 741 τες
300 690 347 733 65
378 690 429 734 οἱ
456 689 757 745 Καρχηδόνιοι
798 686 931 732 οὐδὲν
973 687 1255 759 ὠφελοῦντας
1290 707 1397 740 τους
1436 693 1577 743 ἱππεῖς

178 747 344 791 ἀυτῶν
382 747 429 790 ἐν
454 752 545 797 τοῖς
576 751 743 795 στενοῖς
781 745 957 796 τόποις,
996 745 1297 797 ἐξαπέστειλαν
1326 747 1490 798 αὐτους
1519 752 1581 800 εἰς

194 802 249 847 τοὶ
283 802 518 857 Δρέπανα,
557 804 629 846 καὶ
669 802 807 858 πολλὴ
839 802 1025 870 βοήθεια
1055 804 1418 872 Καρχηδονίοις’
1402 821 1468 860 εγε
1460 805 1580 849 ’νετο.

196 860 535 915 ἐξαπορηθέντες
565 860 612 903 65
632 862 677 903 οἱ
699 860 904 913 Ρωμαῖοι
935 858 1008 901 διὰ
1028 858 1108 915 τὴν
1136 864 1294 903 καῦσιν
1321 878 1411 904 των
1440 861 1581 917 ὀργά-
1609 864 1666 904 90

195 927 289 960 νων
315 919 390 960 καὶ.
421 916 494 959 διὰ
523 917 602 972 τὴν
633 918 822 959 σπανίαν
851 919 937 958 τῶν
963 920 1146 970 τροφῶν
1174 917 1248 959 καὶ
1276 916 1357 973 τήν
1383 918 1587 974 λοιμικὴν

195 973 356 1028 νόσον,
395 976 680 1042 ιιρεωβορουτ
684 989 751 1023 τες
779 971 861 1026 γὰρ
892 971 1032 1026 μόνον
1058 973 1264 1043 Ρωμαῖοι
1293 975 1367 1017 καὶ
1400 977 1444 1018 οἱ
1474 975 1587 1030 σύμ-

198 1047 351 1087 μαχοι,
391 1033 450 1081 εἰς
487 1047 567 1099 την
604 1028 741 1073 νόσον
779 1030 983 1080 ἔπιπτον,
1018 1028 1076 1080 ὠς
1112 1029 1160 1072 ἐν
1203 1029 1370 1085 ὀλίγαις
1406 1030 1588 1101 ἡμέραις

198 1089 385 1143 μυρίους
422 1085 649 1130 τεθνάναι.
693 1087 800 1129 ὅθεν
834 1085 908 1128 καὶ
945 1084 1025 1142 τὴν
1061 1089 1323 1139 πολιορκίαν
1365 1086 1587 1146 ἠθέλησαν

180 1148 466 1187 <mammona-
492 1143 665 1214 Ιέρων
672 1142 717 1185 65
746 1143 768 1185 6
800 1143 1003 1212 βασιλεὺς
1031 1127 1326 1213 Συρακούσης
1356 1151 1478 1188 σῖτον
1506 1163 1586 1189 πο-
1618 1147 1699 1188 100

200 1201 284 1244 λύν
314 1199 570 1250 ἀποστείλας
609 1198 758 1250 αὐτοῖς
808 1197 1114 1252 ανεθάρσυνεν
1165 1199 1329 1252 αὐτους
1365 1202 1479 1256 πρός
1509 1220 1592 1259 την

174 1258 461 1311 ,πολιορκίαν
498 1257 639 1300 παλιν.
681 1261 770 1299 τῶν
798 1257 843 1298 65
880 1255 1106 1311 Ῥωμαίων
1134 1257 1211 1301 τὸν
1240 1258 1411 1301 ύπατον
1441 1262 1595 1303 διαδε-

201 1313 423 1385 ξαμένων,
463 1329 543 1369 την
590 1312 727 1369 αρχὴν
774 1298 1036 1367 παρέδωκαν
1075 1316 1283 1369 Κλαυδιῳ
1329 1315 1482 1375 ύπατῳ
1533 1320 1593 1373 τῷ

201 1375 285 1414 τοῦ
323 1369 504 1414 Ἀππίου
539 1372 634 1427 υἱῷ
676 1370 749 1414 καὶ
792 1369 1065 1426 παραλαβων
1102 1388 1179 1421 τας
1210 1371 1423 1441 δυναμεις
1458 1371 1592 1418 παλιν

200 1427 281 1472 τὸν
310 1428 463 1482 λιμένα
492 1417 676 1482 ἔχωσεν,
707 1428 846 1482 ω’ςπερ
878 1428 949 1470 καὶ
981 1429 1024 1470 οί
1049 1427 1133 1480 πρὸ
1165 1425 1328 1481 αυτοῦ,
1359 1431 1433 1472 καὶ
1460 1431 1592 1474 πάλιν
1620 1436 1647 1478 5

201 1485 229 1539 ἡ
259 1485 462 1528 θάλασσα
491 1496 640 1528 κατεσι
638 1482 816 1537 εόρπισε.
861 1488 940 1526 τοῦ
972 1486 1018 1527 δὲ
1048 1487 1277 1528 Κλαυδίου
1318 1487 1427 1541 μέγα
1457 1487 1592 1542 ἐπαρ-

203 1541 384 1594 θέντος,
415 1541 491 1591 τας
524 1540 702 1595 ἀρίστας
731 1545 843 1590 ναῦς
875 1539 972 1594 ἐξηρ
977 1552 1076 1584 τυσε
1108 1544 1334 1594 διακοσίας
1364 1544 1480 1595 δέκα,
1517 1546 1593 1588 καὶ

205 1600 265 1649 εἰς
295 1598 348 1641 τὰ
381 1599 595 1666 Δρέπανα
632 1597 753 1666 πρὸς
775 1599 1107 1665 Καρχηδονίους
1126 1596 1306 1667 ἀπηλθε
1339 1600 1596 1656 πολεμήσων

207 1654 379 1704 αὐτούς.
408 1655 482 1696 καὶ
520 1652 685 1710 ἡττήθη
727 1651 940 1704 απολέσας
977 1658 1090 1711 ναῦς
1119 1654 1275 1698 ἑκατὸν
1306 1655 1597 1703 ἑπτακαίδεκα

206 1714 280 1756 καὶ
318 1712 482 1764 ανδρας
522 1712 788 1780 διςμυρίους.
819 1712 1068 1765 ναυμαχίαν
1098 1711 1144 1754 δὲ
1174 1729 1388 1766 καρτεραν
1416 1716 1490 1758 καὶ
1519 1718 1594 1758 νί-
1626 1717 1680 1758 10

205 1786 290 1825 κην
319 1767 621 1823 λαμπροτέραν
655 1765 754 1822 ου’χὶ
783 1768 1125 1822 Καρχηδονίοις,
1167 1767 1267 1811 ἀλλ’
1314 1769 1410 1813 οὐδ’
1448 1770 1598 1824 ἄλλοις

207 1825 417 1880 τοιαύτην
438 1823 759 1908 γεγενημένηνε
790 1823 952 1894 ῥᾳδίως
988 1824 1089 1877 περὶ
1130 1825 1314 1877 τούτους
1356 1826 1462 1879 τούς
1473 1828 1598 1898 χρό-

208 1898 337 1933 νους,
378 1897 451 1924 και
481 1880 530 1923 τὸ
561 1869 839 1934 παράδοξον,
884 1881 930 1922 ἐν
958 1880 1203 1949 τηλιιιούτῳ
1233 1882 1428 1952 ιιινδύνῳ
1468 1883 1599 1937 ὄντας

210 1938 558 2008 Καρχηδονίους
587 1938 661 1980 καὶ
699 1953 804 1992 μετα
835 1941 946 1979 νεῶν
977 1937 1102 1986 δέκα,
1146 1940 1201 1981 ου’
1229 1939 1372 1995 μόνον
1402 1940 1598 2010 ανῃρέθη
1629 1941 1684 1984 15

212 1996 292 2067 μὲν
332 1993 500 2046 οὐδείς,
542 1994 951 2049 ἐτραυματίσθησαν
981 1995 1028 2038 65
1060 1994 1214 2050 ὀλίγοι.
1246 2013 1351 2051 μετα
1381 1998 1427 2041 65
1461 2004 1601 2044 ταῦτα
1643 1999 1646 2002 ’

213 2051 460 2096 ἀπέστειλεν
482 2049 686 2105 Ἀννίβας
712 2050 981 2119 τριηράρχην
1004 2052 1063 2101 εἰς
1084 2051 1328 2123 Πάνορμον
1357 2054 1461 2109 μετοὶ
1481 2074 1601 2109 τρια-

213 2125 350 2154 κοντα
386 2112 524 2156 νεῶν,
566 2111 612 2150 αι
652 2109 732 2162 την
774 2107 944 2163 αγορὰν
981 2124 1071 2150 των
1100 2108 1326 2170 Ρωμαίων
1364 2116 1447 2154 τοῦ
1476 2115 1602 2157 σίτου

216 2167 376 2222 ἔφερον
405 2167 465 2215 εἰς
494 2165 718 2217 Δρέπανα.
759 2166 834 2207 καὶ
862 2168 938 2219 τῆς
966 2168 1124 2220 λοιπῆς
1153 2165 1316 2236 ἀγορᾶς
1344 2167 1425 2226 τὴν
1452 2173 1603 2225 χρείαν

146 2224 263 2268 508ἐκ
292 2227 368 2277 τῆς
397 2221 628 2278 Δρεπανης
656 2221 864 2276 λαβόντες
893 2223 952 2271 εἰς
981 2221 1029 2264 τὸ
1064 2221 1310 2279 Λιλύβαιον
1333 2227 1499 2281 ἦλθον,
1530 2228 1605 2271 καὶ
1635 2236 1690 2276 20

216 2279 323 2330 τοὺς
377 2278 777 2331 πολιορκουμένους
836 2277 1077 2343 ἐνέπλησαν
1126 2282 1351 2324 παντοίων
1405 2282 1603 2338 ἅγαθων.

219 2337 386 2392 ἔφθασε
415 2336 461 2379 65
490 2336 564 2378 καὶ
584 2335 771 2389 Καρθά)
776 2351 837 2377 ων
857 2336 1097 2392 στρατηγός
1122 2336 1169 2379 ἐκ
1177 2337 1470 2412 Καρχηδόνος
1498 2358 1605 2396 μετα

219 2397 334 2438 νεῶν
369 2395 552 2449 μακρῶν
580 2390 884 2449 ἑβδομήκοντα
921 2394 996 2436 καὶ
1034 2398 1223 2450 σιτηγων
1250 2397 1373 2439 ἴσων.
1403 2396 1606 2456 ἐπιθεμέ-

357 2516 416 2552 79.
439 2515 534 2552 κατά
557 2529 624 2558 τας
647 2515 878 2558 Β]ιο(1.,τιὲς
904 2517 940 2549 Π
1078 2518 1135 2553 91.
1161 2532 1181 2554 κ
1184 2521 1453 2576 ρεωβοροῦντες
1475 2523 1607 2567 Rhod„

221 2564 534 2620 κρεωβροτοῦντες
556 2564 592 2598 Η
684 2563 765 2597 100.
778 2541 1047 2620 ἶὰνεθάρσυνεν
1067 2566 1198 2607 Rhod„
1223 2564 1477 2611 ἀνεθάρσησεν
1497 2571 1535 2603 11

221 2614 258 2647 7.
282 2611 452 2668 ἐξήρτυσε
475 2609 725 2665 wesselingius
737 2634 747 2650 ,
772 2607 943 2654 εξήρτησε
966 2611 1004 2643 Η
1166 2614 1358 2654 διακοσίας
1385 2615 1486 2659 δέιια]
1513 2617 1550 2650 σί
1570 2617 1608 2650 Η

363 2658 399 2691 9.
434 2654 562 2692 ἑκατὸν
596 2656 850 2700 ἐκτακαίδεκα]
883 2655 947 2699 ριζ
980 2657 1018 2691 H
1168 2660 1226 2693 10.
1261 2660 1443 2706 καρτεράν
1474 2662 1608 2705 Rhod„

226 2704 423 2761 praeposito
457 2702 564 2736 etiam
593 2716 716 2744 ουτω,
750 2715 907 2757 κρατεαν
932 2703 968 2736 H
1115 2705 1172 2739 12.
1208 2705 1369 2751 ῥαδίως]
1403 2706 1541 2755 ῥᾳδίως
1565 2721 1613 2745 αν

229 2750 352 2796 εύροις
376 2749 494 2784 Rhod.
639 2749 696 2784 15.
722 2746 824 2791 δέκα]
852 2747 875 2783 ι’
899 2750 937 2782 H
1053 2763 1099 2786 ου
1122 2752 1233 2787 forta
1223 2764 1272 2787 se
1293 2744 1478 2788 delendum

228 2798 287 2834 17.
310 2793 525 2839 τριάκοντα]
549 2791 577 2828 λ’
596 2796 633 2828 Η
726 2794 767 2830 αι
790 2793 1009 2836 Βὴοι1.,ιιαὶ
1026 2795 1062 2831 H

322 2843 403 2878 508.
426 2842 484 2878 20
509 2839 726 2890 Λιλύβαιον]
752 2842 953 2889 Λιλυβαῖον
976 2842 1013 2877 Η
1152 2843 1210 2879 23.
1232 2842 1502 2894 ἐβδομήκοντα]
1527 2847 1559 2886 o'
1582 2851 1619 2885 Η
