1968 3346
356 218 441 262 184
680 217 1102 262 FRAGMENTA
1141 219 1191 262 L.
1220 219 1419 265 V1.-x.

355 326 532 382 πράξεις
568 324 902 391 ἀναγράψομεν,
943 330 1052 376 ὅταν
1091 331 1151 384 εἰς
1181 330 1378 386 ἐκείνους
1412 335 1518 387 τούς
1552 335 1747 394 χρόνους

357 389 748 441 παραγενηθῶμεν

469 452 692 499 Diodorus
713 454 790 499 IV
819 458 884 502 58.

1014 580 1094 624 XI.

475 680 592 724 Φασὶ
620 681 839 726 Θετταλόν
867 680 974 738 μετοὶ
1011 685 1149 726 ταῦτα
1185 681 1442 728 ἐπανελθεῖν
1469 684 1530 736 εἷς
1553 682 1747 741 Ἰωλκόν,

359 734 407 779 ἓν
435 754 463 794 ῃ
492 739 797 808 καταλαβόντα
826 754 1115 810 προςφατως
1109 738 1327 785 ’Ἀκαστον
1348 740 1426 785 τὸν
1453 744 1617 786 Πελίου
1639 760 1747 788 τετε-

359 795 599 850 λευτηκότα
628 799 901 850 παραλαβεῖν
930 796 1040 840 κατὰ
1067 795 1194 852 γένος
1224 797 1551 870 προςήκουσαν
1564 799 1643 855 τὴν
1672 804 1748 857 βα-

362 853 550 905 σιλείαν,
590 854 664 896 καὶ
695 852 801 904 τούς
833 851 917 908 ὑφ’
955 852 1115 897 ἑαυτὸν
1144 854 1432 924 τεταγμένους
1461 854 1551 925 ἀφ’
1585 857 1747 901 ἑαυτοῦ

303 904 331 948 5
360 914 710 963 προςαγορεῦσαι
734 908 994 960 Θετταλούς.
1032 909 1116 955 οὐκ
1148 910 1295 966 ἀγνοῶ
1326 911 1372 955 δὲ
1403 911 1516 955 διότι
1542 915 1642 967 περὶ
1671 919 1748 970 τῆς

355 969 445 1007 τῶν
478 969 705 1009 Θετταλῶν
711 969 1027 1039 προςηγορίας
1065 965 1119 1012 ου’
1148 967 1315 1024 ταύτην
1344 968 1489 1038 μόνην
1516 969 1597 1025 τὴν
1631 972 1746 1014 ἱστο-

356 1023 460 1074 ρίαν
496 1020 604 1065 αλλα
652 1024 725 1066 καὶ
770 1023 1028 1080 διαφωνους
1072 1024 1222 1079 ἑτέρας
1263 1025 1599 1080 παραδεδόσθαι
1639 1040 1744 1083 συμ-

353 1078 535 1136 βέβηκε·
566 1080 666 1136 περὶ
698 1097 763 1124 ων
793 1081 840 1125 ἐν
879 1081 1160 1139 οἰκειοτέροις
1187 1081 1537 1155 μνησθησόμεθα
1559 1090 1743 1142 καιροῖς.

464 1147 688 1194 Diodorus
711 1149 785 1195 lv.
813 1152 881 1197 55.

1001 1275 1106 1320 XII.

275 1379 328 1421 10
476 1373 659 1420 Τούτων
686 1375 792 1433 ἡμῖν
822 1375 1194 1451 διευκρινημένων
1221 1379 1411 1423 λείπεται
1429 1377 1531 1450 περι
1561 1380 1638 1435 τῆς
1658 1380 1747 1422 Κο-

358 1433 533 1485 ρινθίας
562 1435 636 1476 καὶ
664 1437 919 1486 Σικυωνίας
957 1437 1093 1480 εἰπεῖν
1123 1434 1177 1479 ὃν
1215 1436 1385 1491 τρόπον
1412 1435 1502 1482 ’ὑπὸ
1533 1435 1747 1490 Δωριέων

273 1490 326 1533 15
356 1491 706 1560 κατῳκίσθησαν.
758 1508 811 1534 τα
850 1492 935 1547 γὰρ
977 1507 1089 1535 κατα
1122 1491 1209 1562 τήν
1249 1493 1598 1548 Πελοπόννησον
1637 1493 1746 1549 ἔθνη

354 1545 510 1600 σχεδόν
539 1547 683 1590 πάντα
712 1547 825 1604 πλὴν
848 1547 1077 1603 Ἀρκαδων
1105 1547 1330 1593 οἷναστατα
1355 1549 1518 1605 συνέβη
1539 1550 1745 1603 γενέσθαι

352 1602 464 1645 κατὰ
491 1602 571 1658 τὴν
600 1604 802 1648 καθοδον
824 1609 913 1649 τῶν
938 1604 1325 1659 Ἡρακλειδῶν.οἱ
1346 1608 1500 1650 τοίνυν
1525 1604 1746 1676 Ἡρακλεῖ.

353 1660 427 1702 δαι
456 1676 564 1703 κατα
603 1661 682 1717 τὴν
719 1663 934 1716 διαίρεσιν
973 1661 1194 1716 ἐξαίρετον
1231 1663 1522 1733 ποιησάμενοι
1550 1679 1631 1719 την
1661 1665 1746 1706 Κο-

353 1717 535 1769 ρινθίαν
563 1718 638 1760 καὶ
666 1735 747 1775 την
775 1718 935 1788 ταύτης
971 1719 1278 1790 πλησιόχωρον
1309 1719 1602 1789 διεπέμψαντο
1633 1718 1746 1773 πρός

271 1776 326 1817 20
356 1771 434 1815 τὸν
461 1771 662 1844 Ἀλήτην,
684 1774 1024 1846 παραδιδόντες
1054 1774 1174 1846 αὐτῷ
1203 1776 1284 1833 τὴν
1313 1775 1636 1846 προειρημένην
1664 1775 1746 1832 χώ-

227 1840 231 1844 ’
353 1846 450 1884 ραν.
502 1830 720 1887 ἐπιφανής
761 1833 807 1876 δὲ
848 1849 961 1888 ανηρ
1000 1832 1237 1902 γενόμενος
1281 1835 1356 1877 καὶ
1394 1850 1490 1903 την
1514 1832 1745 1888 Κόρινθον

353 1884 544 1942 αὐξήσας
573 1888 851 1942 ἐβασίλευσεν
861 1890 954 1961 ,ἔτη
983 1888 1050 1945 λη.
1088 1906 1195 1945 μετα
1225 1891 1271 1933 δε
1300 1893 1380 1945 τὴν
1409 1888 1573 1933 τούτου
1602 1895 1745 1933 τελευ-

350 1943 428 1998 τὴν
459 1945 483 1986 6
515 1943 811 2001 πρεσβύτατος
845 1946 912 1989 ἀεὶ
951 1951 1040 1989 τῶν
1071 1946 1265 2002 ἐκγόνων
1303 1946 1583 2017 ἐβασίλευσεν
1615 1949 1744 2018 μέχρι

349 2016 426 2054 της
458 2002 665 2051 Κυψέλου
701 2005 983 2055 τυραννίδος,
1025 2002 1119 2059 ητις
1159 2008 1234 2059 τῆς
1263 2003 1467 2048 καθόδου
1500 2008 1589 2046 τῶν
1615 2002 1744 2058 ἹΙρα-

218 2089 224 2095 .
267 2061 322 2103 25
354 2059 538 2101 κλειδῶν
568 2058 744 2113 ὑστερεῖ
766 2060 876 2103 ετεσι
907 2059 1020 2130 υμζ’.
1051 2060 1126 2103 καὶ
1155 2065 1328 2115 πρῶτος
1350 2061 1428 2118 μὲν
1448 2058 1558 2115 παρ’
1591 2059 1743 2112 αὐτοῖς

353 2113 567 2165 διεδέξατο
607 2115 688 2171 τήν
729 2118 956 2172 βασιλείαν
992 2114 1128 2167 Ἰξίων
1168 2117 1239 2171 ἔτη
1269 2117 1345 2173 λή·
1387 2117 1493 2172 μεθ’
1524 2117 1576 2161 δν
1613 2119 1743 2173 ἦρξεν

345 2168 561 2224 Ἀγέλας’
548 2187 618 2240 ετη
650 2172 710 2226 λζ’
724 2207 735 2225 ,
770 2190 874 2247 μετα
908 2173 952 2216 δε
982 2172 1169 2225 τούτους
1200 2177 1431 2229 Προῦμνις
1461 2173 1532 2244 ε’τη
1561 2173 1627 2225 λέ,
1669 2174 1743 2217 καὶ

350 2226 511 2282 Βάκχις
541 2226 704 2283 ὁμοίως
733 2230 813 2272 τόν
843 2232 944 2272 ι’σον
973 2230 1157 2284 χρόνον,
1189 2230 1428 2286 γενόμενος
1455 2230 1743 2300 ἐπιφανέστα-

349 2299 424 2334 τος
464 2288 552 2326 τῶν
590 2284 674 2339 πρὸ
707 2285 986 2329 admo-616
1017 2287 1091 2329 καὶ
1129 2288 1292 2343 συνέβη
1330 2287 1435 2338 τοὺς
1465 2303 1570 2343 μετα
1601 2291 1743 2331 ταῦτα

263 2345 319 2386 80
351 2339 696 2409 βασιλευσαντας
736 2342 883 2386 οὐκέτι
905 2342 1189 2397 Ἡρακλείδας
1225 2343 1334 2387 αλλα
1368 2346 1590 2413 Βακχίδας
1614 2360 1743 2399 προς-

351 2396 654 2469 αγορεύεσθαι
700 2416 806 2453 μετα
837 2404 998 2443 τοῦτον
1027 2398 1196 2455 Ἀγέλας
1222 2417 1303 2458 μεν
1334 2401 1404 2457 ἔτη
1433 2402 1491 2454 λ’,
1530 2399 1741 2455 Εὔδαμος

350 2452 396 2496 δὲ
419 2454 498 2523 ετη
528 2453 601 2505 κε’,
617 2454 940 2526 Ἀριστομήδης
971 2455 1000 2499 ε’
1031 2458 1105 2500 καὶ
1136 2456 1184 2502 λ’.
1238 2459 1368 2508 οὗτος
1406 2457 1452 2500 δε
1480 2458 1740 2527 τελευτήσας

349 2508 552 2553 ἀπέλιπεν
584 2511 681 2554 υἱὸν
711 2513 921 2567 Τελέστην
949 2515 1085 2555 παῖδα
1110 2530 1191 2569 την
1211 2512 1409 2569 ηλικίαν,
1442 2516 1497 2557 οὐ
1527 2514 1606 2570 τὴν
1629 2513 1739 2557 κατὰ

263 2568 318 2611 35
347 2565 473 2623 γένος
502 2570 728 2623 βασιλείαν
766 2568 976 2626 ἅφείλατο
1010 2574 1133 2625 θεῖος
1171 2570 1233 2615 ὢν
1262 2572 1334 2615 καὶ
1364 2571 1597 2626 ἐπίτροπος
1620 2569 1740 2627 Ἀγή-

431 2700 511 2736 635.
535 2702 592 2736 22.
619 2702 686 2748 λή]
712 2705 844 2738 XXXV
867 2706 1081 2747 computatio
1106 2718 1196 2750 quae
1220 2706 1311 2748 apud
1336 2706 1529 2740 Eusebium
1553 2704 1738 2748 subsequi-

340 2749 398 2780 tur
543 2749 600 2782 25.
625 2749 690 2795 λή]
718 2752 866 2785 XXXVI
897 2753 1020 2786 eadem
1165 2754 1222 2789 26.
1251 2753 1441 2795 Προῦμνις
1467 2753 1563 2790 Wes
1567 2752 1732 2794 elingius,

341 2792 425 2829 libri
453 2793 657 2840 Πρύμνης.·
680 2798 784 2830 iidem
815 2797 961 2843 Βάκχης
984 2799 1030 2837 ab
1053 2799 1176 2837 eodem
1199 2803 1395 2834 correctum
1515 2798 1575 2836 32..
1600 2796 1734 2833 Εὔδα-

340 2841 432 2884 μος]
458 2842 632 2876 Eudemus
661 2844 831 2879 Eusebius

1907 172 1914 194 -,
1887 0 1915 161 ,sm-saun
