1968 3346
213 223 299 264 222

242 339 464 384 Fragmenta

310 1070 406 1106 XLI.

287 1296 403 1331 XLII.

283 2249 410 2285 XLIII.

288 2531 416 2566 XLIV.

297 2699 404 2733 XLV.

738 216 773 257 L
803 215 823 256 1
852 215 898 256 B.
953 213 1066 256 xxl.
1086 202 1249 255 -'xL.

546 335 728 378 Excerpta
820 334 1002 378 Excerpta

556 390 737 426 Vaticana
811 392 867 425 Ho
873 389 1021 423 eschelii

837 725 916 762 491.
939 728 996 762 99.

839 1065 919 1104 491.
949 1065 986 1102 6.

841 2074 920 2112 493.
942 2074 999 2112 84.

518 2755 575 2793 49.
590 2758 642 2794 19.
653 2756 764 2794 -50.
794 2752 873 2791 494.
881 2751 1043 2793 4o.-67.

1107 332 1293 375 Excerpta

1126 388 1264 422 Valesii

1093 555 1173 592 491.
1193 556 1251 592 95.

1113 1344 1194 1382 560.
1224 1346 1282 1381 99.

1072 1457 1152 1494 560.
1161 1459 1321 1495 2—-561,

1128 1516 1187 1551 52.

1113 2079 1194 2117 561.
1225 2081 1284 2116 53.

1115 2474 1195 2511 561.
1227 2475 1283 2512 60.

1403 506 1534 548 gnatas
1543 500 1687 535 Thebas
1697 501 1771 535 cle-

1405 564 1546 591 mentia

1347 612 1564 660 Agathoclis
1591 624 1679 647 cum
1697 613 1772 647 De-

1404 671 1541 705 metrio
1555 669 1648 704 inita
1659 669 1771 703 socie-

1405 732 1464 761 tas

1349 783 1491 828 Agatho
1497 782 1569 816 cles
1577 779 1773 826 expeditio-

1407 851 1495 873 nem
1533 837 1572 872 in
1607 838 1772 872 Africam

1406 906 1545 941 parans
1554 895 1738 928 occiditur
1751 905 1774 927 a

1406 953 1606 993 Nlaenone,
1627 951 1690 997 qui
1708 951 1774 996 Sy-

1406 1008 1545 1042 racusis
1564 1006 1679 1054 potiri
1697 1012 1775 1041 stu-

1406 1065 1470 1099 det

1348 1120 1651 1166 Xermodigestus
1701 1118 1775 1153 Au-

1401 1177 1775 1212 doleontisPaeonum

1403 1235 1504 1279 regis
1514 1232 1775 1279 opesLysima-

1407 1291 1476 1324 cho
1494 1289 1620 1336 prodit

1351 1345 1578 1393 Agatharchi
1603 1343 1748 1379 indoles

1349 1404 1523 1438 Timaeus
1562 1408 1601 1436 et
1640 1401 1776 1436 Callias

1405 1458 1576 1494 historici

1349 1571 1500 1606 Hicetas
1515 1571 1561 1605 ab
1578 1571 1773 1616 Syracusa-

1404 1629 1462 1661 nis
1480 1634 1610 1662 contra
1620 1630 1776 1662 Maeno-

1406 1696 1507 1727 nem,
1529 1695 1640 1729 quem
1659 1685 1772 1720 Poeni

1405 1741 1652 1785 adiuvabant,
1686 1741 1774 1775 mis-

1406 1809 1466 1831 sus
1480 1797 1683 1831 infeliciter
1693 1809 1775 1833 rem

1407 1854 1516 1900 gerit.
1563 1854 1667 1889 Bello
1689 1854 1775 1889 fini-

1405 1916 1446 1944 to
1461 1911 1776 1956 Syracusanorum

1406 1967 1543 2001 milites
1553 1967 1775 2002 mercenarii

1411 2024 1660 2067 (Mamertini)
1674 2025 1774 2058 Mes·

1409 2088 1530 2113 senerr
1540 2085 1727 2125 occupant

1348 2133 1476 2169 Philae
1487 2137 1673 2170 Demetrii
1683 2147 1774 2170 uxo-

1406 2192 1458 2226 ris
1495 2193 1667 2227 extremis
1697 2195 1772 2228 De-

1403 2249 1530 2282 metrii
1546 2248 1774 2296 temporibus

1404 2305 1586 2340 fortitudo

1346 2362 1557 2407 Lysimachi
1575 2368 1609 2396 et
1627 2361 1773 2396 Seleuci

1406 2418 1450 2452 de
1464 2425 1572 2464 capto
1582 2419 1772 2454 Demetrio

1405 2474 1451 2509 lis

1347 2531 1472 2565 Zoilus

1346 2587 1590 2622 Macedoniae
1607 2584 1772 2633 quinque

1402 2645 1503 2678 intra
1540 2649 1614 2678 tres
1657 2654 1771 2678 annos

1404 2711 1511 2745 reges
1579 2689 1584 2708 ⁸

1347 2757 1510 2804 Pyrrhus
1531 2755 1572 2790 in
1590 2754 1700 2790 Italia
