1968 3346
427 201 729 245 EXCERPTA
757 200 950 243 ΡΗΟΤΙΙ
980 201 1029 244 L.
1059 201 1254 248 xxxvl.
1477 207 1538 247 61

141 317 224 374 τήν
260 332 307 361 τε
347 313 635 386 παρεμβολὴν
683 311 950 384 ἀνεκτήσατο
1000 313 1076 357 καὶ
1110 312 1373 384 περιβόητον
1407 315 1538 372 νίκην

143 372 487 445 ἀπενεγκάμενος
526 374 701 416 πολλῶν
739 371 887 415 ὅπλων
920 369 1185 442 ἐκυρίευσεν.
1223 372 1450 416 ἀπέθανον
1489 373 1535 417 δὲ
1564 377 1621 417 70

143 431 191 474 ἐν
218 447 271 488 τῃ
311 430 426 487 μάχῃ
456 432 553 472 τῶν
586 426 842 470 Ἰταλιωτῶν
870 442 915 470 τε
943 427 1016 470 καὶ
1045 431 1245 470 Σικελῶν
1275 428 1331 472 οὐ
1359 431 1536 480 πλείους

139 487 379 539 ἑξακοσίων
416 484 490 530 διὰ
517 501 598 540 την
631 488 714 528 τοῦ
752 483 1030 553 κηρύγματος
1068 487 1430 539 φιλανθρωπίαν,
1468 485 1536 529 ἑά-

139 548 287 587 λωσαν
319 543 379 612 δὲ
401 543 497 612 περὶ
518 543 910 610 τετρακιςχιλίους.
952 538 976 583 ὁ
1007 539 1054 583 δὲ
1083 540 1326 592 Σαλούιος,
1357 546 1536 585 πολλῶν

137 599 248 669 21:969
275 598 412 643 αὐτὸν
445 596 530 641 ἀπὸ
572 601 653 640 τοῦ
687 596 1032 668 κατορθώματος
1071 596 1352 665 συῤῥεόντων
1381 601 1535 641 διπλα-
1564 601 1620 646 75

138 656 295 707 σιάσας
320 655 400 711 τὴν
433 656 550 698 ἰδίαν
588 651 804 709 δύναμιν,
843 652 1013 708 ἐκράτει
1041 657 1131 696 τῶν
1159 651 1417 721 ὑπαίθρων
1458 656 1535 698 καὶ

39 726 46 733 “
85 732 89 756 .’
137 717 392 767 πολιορκεῖν
426 711 560 754 πάλιν
601 711 806 765 ἐπεχείρει
843 726 926 766 την
955 714 1298 765 ιΜοργαντῖναν,
1329 709 1533 766 κήρυγμα

137 769 248 819 δούς
277 773 369 818 τοῖς
405 766 453 811 ἐν
497 767 609 835 αὐτῇ
638 767 813 818 δούλοις
850 769 931 823 την
960 767 1226 820 ἐλευθερίαν
1259 771 1349 810 τῶν
1381 767 1427 810 δὲ
1456 784 1535 810 κυ-

137 827 247 879 ρίων
277 823 695 876 ἀντιπροτεινόντων
724 822 876 874 αὐτοῖς
904 823 1089 878 ταύτην,
1124 824 1160 866 εἰ
1191 825 1315 878 σφίσι
1338 835 1533 878 συναγω-

134 883 357 931 νίσαιντο,
389 883 557 924 είλοντο
590 884 757 949 μᾶλλον
786 880 864 952 την
895 879 981 922 ἀπὸ
1003 884 1092 922 τῶν
1121 882 1303 933 κυρίων,
1330 881 1405 923 καὶ
1425 897 1531 933 προ-
1562 885 1618 925 80

134 937 294 994 θύμως
329 936 648 1007 ἀγωνισάμενοι
684 935 977 991 ἀπετρίψαντο
1016 936 1098 993 τήν
1126 938 1398 991 πολιορκίαν.
1430 935 1452 979 ὁ
1484 936 1532 980 δὲ

137 994 376 1049 στρατηγὸς
412 1010 518 1048 μετα
556 997 697 1037 ταῦτα
736 993 815 1049 τὴν
844 992 1098 1047 ἐλευθερίαν
1126 992 1373 1046 ἀνατρέψας
1404 991 1531 1042 atho,-

93 1055 325 1108 34μολῆσαι
352 1050 457 1102 τοὺς
484 1052 716 1101 πλείστους
744 1049 1040 1104 παρεσκεύασε
1069 1054 1163 1101 τοῖς
1193 1048 1470 1102 ἀποστάταις

248 1106 356 1162 Περὶ
387 1107 433 1151 δὲ
462 1105 541 1163 τὴν
568 1109 833 1177 Αἰγεσταίων
862 1108 935 1150 καὶ
965 1109 1246 1176 Λιλυβαϊτῶν
1280 1107 1430 1177 χώραν
1468 1105 1531 1150 ἔτι
1559 1107 1614 1152 85

135 1164 181 1208 δὲ
209 1169 297 1207 τῶν
326 1163 471 1207 ἄλλων
498 1167 587 1207 τῶν
615 1162 947 1220 πλησιοχώρων,
979 1161 1120 1207 ἐνόσει
1148 1163 1259 1217 πρὸς
1288 1163 1531 1207 ἀπόστασιν

133 1221 187 1264 τὰ
214 1220 360 1291 πληθη
390 1224 480 1264 τῶν
510 1223 702 1264 οἰκετῶν.
733 1223 897 1276 γίνεται
928 1221 974 1264 δε
1003 1221 1175 1264 τούτων
1197 1219 1383 1290 ἀρχηγὸς
1406 1218 1532 1290 Ἀθη-

131 1280 242 1321 νίων
277 1278 442 1332 ὄνομα,
483 1275 599 1347 ἀνὴρ
633 1278 814 1335 ἀνδρεία
851 1278 1099 1334 διαφέρων,
1141 1279 1267 1329 Κίλιξ
1298 1276 1347 1321 τὸ
1385 1276 1528 1332 γένος.

30 1383 38 1390 .
133 1336 265 1384 οὗτος
296 1334 529 1389 οἰκονόμος
564 1334 627 1378 ῶν
657 1336 786 1378 δυοῖν
816 1333 1020 1390 ἀδελφῶν
1041 1333 1422 1390 μεγαλοπλούτων,
1453 1334 1529 1377 καὶ

13 1420 32 1436 .,
76 1414 79 1417 Δ
129 1394 208 1446 τῆς
247 1388 598 1447 αστρομαντικῆς
636 1390 802 1447 πολλὴν
835 1392 951 1462 ε’χων
982 1391 1228 1447 ἐμπειρίαν,
1271 1392 1411 1434 ἔπεισε
1440 1394 1530 1433 τῶν
1558 1395 1615 1435 90

131 1450 315 1491 οἰκετῶν
354 1451 530 1518 πρῶτον
566 1448 662 1518 μὲν
681 1448 784 1499 τοὺς
819 1447 895 1503 ὑφ’
925 1447 1084 1492 ἑαυτὸν
1114 1448 1400 1517 τεταγμένους
1428 1448 1529 1502 περὶ

132 1506 389 1555 διακοσίους
440 1503 589 1555 ὄντας,
639 1504 786 1548 ἔπειτα
833 1504 937 1555 τούς
977 1508 1282 1560 γειτνιῶντας,
1334 1504 1439 1555 ω’ςτε
1479 1505 1528 1548 ἐν

19 1606 22 1616 ἱ
62 1611 64 1616 ,
128 1561 255 1604 πέντε
291 1561 474 1617 ἡμέραις
512 1566 786 1616 συναχθῆναι
824 1563 1002 1613 πλείους
1038 1566 1127 1605 τῶν
1155 1564 1321 1617 χιλίων.
1359 1560 1447 1604 ὑπό
1481 1561 1529 1605 δὲ

27 1624 36 1635 ”
62 1617 66 1621 ’
127 1615 302 1661 τούτων
331 1618 519 1670 αἱρεθεὶς
543 1618 746 1688 βασιλεὺς
775 1618 849 1661 καὶ
878 1617 1070 1688 διάδημα
1096 1618 1375 1673 περιθέμενος
1405 1618 1528 1660 ἐναν-
1556 1619 1614 1664 95

129 1676 229 1717 τίαν
255 1679 346 1725 τοῖς
370 1674 516 1724 ἄλλοις
537 1674 700 1718 ἅπασιν
720 1672 986 1725 ἀποστάταις
1005 1674 1085 1729 τὴν
1103 1676 1305 1718 διάθεσιν
1328 1674 1527 1718 ἐποιεῖτο.

131 1729 187 1774 ου’
228 1732 309 1800 γὰρ
349 1732 641 1799 προςεδέχετο
667 1729 835 1781 πάντας
873 1731 979 1781 τοὺς
1021 1731 1372 1801 ἀφισταμένους,
1415 1729 1529 1774 ἀλλα

128 1786 234 1837 τούς
274 1786 476 1841 ἀρίστους
506 1786 773 1841 ποιούμενος
802 1787 1067 1841 στρατιωτας
1090 1788 1197 1838 τούς
1227 1786 1389 1838 άλλους
1423 1786 1529 1843 ἠνά-

126 1847 255 1899 γκαζε
283 1844 497 1899 μένοντας
526 1844 594 1887 ἐπι
614 1847 700 1886 τῶν
728 1843 1113 1900 προγεγενημένων
1142 1845 1358 1898 ἐργασιῶν
1387 1843 1529 1900 ἐπιμε-

126 1904 301 1944 λεῖσθαι
339 1904 416 1956 τῆς
456 1901 571 1969 ἰδίας
610 1900 794 1943 ε’καστον
841 1902 1094 1956 οἰκονομίας
1138 1903 1212 1944 καὶ
1251 1901 1432 1953 τάξεως·
1479 1901 1524 1953 ἐξ
1553 1906 1638 1948 100

127 1957 192 1999 ῶν
227 1957 300 1999 καὶ
344 1956 516 2026 τροφάς
547 1955 780 2011 ἀφθόνους
816 1961 906 2000 τῶν
944 1962 1223 2011 στρατιωτῶν
1260 1957 1521 2013 ἐχορηγεῖτο.

119 2015 440 2086 'zo-nrpogaeazotaelvo9
458 2013 503 2056 δὲ
524 2014 626 2064 τούς
647 2014 783 2064 θεοὺς
804 2013 924 2070 αὐτῷ
956 2015 1029 2057 δια
1051 2018 1140 2057 τῶν
1166 2013 1340 2069 άστρων
1359 2026 1523 2086 προση-

125 2072 304 2139 μαίνειν
329 2070 387 2121 ῶς
426 2070 568 2114 ἔσοιτο
598 2087 673 2140 της
702 2072 905 2121 Σικελίας
935 2071 1163 2140 συμπάσης
1192 2070 1419 2141 βασιλεύς·
1451 2070 1523 2115 διὸ

127 2129 219 2170 δεῖν
249 2125 385 2196 αὐτῆς
413 2143 457 2170 τε
482 2131 558 2182 τῆς
586 2127 729 2183 χώρας
757 2127 833 2170 καὶ
860 2131 949 2170 τῶν
979 2127 1026 2170 ἐν
1045 2126 1167 2198 αὐτῇ
1209 2127 1333 2183 ζώων
1372 2143 1417 2170 τε
1446 2129 1521 2171 καὶ
1578 2132 1608 2176 5

124 2187 307 2237 καρπῶν
337 2183 396 2234 ῶς
434 2185 561 2226 ἰδίων
598 2185 838 2253 φείδεσθαι.
880 2183 1002 2235 τέλος
1031 2183 1247 2255 ἀθροίσας
1277 2183 1384 2239 ὑπερ
1414 2201 1523 2235 τους

128 2241 314 2295 μυρίους
352 2239 557 2295 ἐτόλμησε
594 2240 726 2283 πόλιν
766 2238 1026 2297 ἀπόρθητον
1063 2240 1112 2284 τό
1153 2238 1402 2310 Λιλύβαιον
1441 2256 1522 2284 πο-

127 2301 331 2350 λιορκεῖν.
350 2297 522 2366 μηδὲν
550 2296 595 2340 δε
636 2295 788 2341 ἀνύων
840 2300 1125 2352 μετανίστατο
1178 2296 1332 2353 αὐτῆς,
1386 2298 1522 2341 είπῶν

129 2351 250 2396 αὐτῶ
279 2352 385 2404 τούς
411 2352 548 2404 θεους
585 2358 719 2398 τοῦτο
750 2353 1010 2397 ἐπιτάττειν·
1040 2354 1323 2410 ἐπιμένοντας
1350 2371 1435 2423 γαρ
1465 2357 1521 2411 τῇ

126 2411 362 2467 πολιορκία
398 2408 718 2467 δυςτυχήματος
754 2415 1035 2468 πειραθῆναι.
1073 2410 1518 2467 παρασκευαζομένου
1549 2421 1603 2461 10

125 2532 279 2568 741.τοῦ
299 2533 608 2581 κατορθώματος]
636 2538 710 2571 τῶν
733 2534 1044 2582 κατορθωμάτων
1066 2536 1099 2571 Β
1261 2535 1320 2570 78.
1345 2532 1522 2579 ἀντιπρο-

124 2576 337 2622 τεινόντων]
382 2578 769 2629 ἀντιπαρατεινόντιον
803 2584 836 2618 Β
1006 2583 1064 2618 83.
1099 2581 1363 2627 παρεσκεύασε]
1399 2594 1521 2626 παρα-

125 2625 301 2662 σκευάσαι
324 2629 433 2663 Amst.

218 2683 299 2718 534.
324 2683 380 2717 89.
408 2685 527 2729 δυοῖν]
555 2686 657 2721 δυεῖν
681 2686 713 2720 Β
829 2687 888 2725 91.
911 2685 995 2731 περὶ
1020 2698 1090 2721 om.
1115 2687 1147 2720 B
1283 2685 1318 2719 3.
1346 2684 1519 2725 Σικελίας

125 2731 180 2775 Β,
204 2735 380 2764 correctus
404 2732 454 2774 A,
478 2732 606 2765 caeteri
629 2732 814 2777 βασιλείας
972 2734 1007 2768 6.
1033 2731 1153 2777 πόλιν]
1179 2728 1288 2766 πάλιν
1314 2731 1421 2764 Amet.

127 2777 162 2814 7.
186 2775 408 2822 Λιλύβαιον]
427 2777 642 2812 scribebatur
659 2781 864 2826 Λιλυβαῖον
1009 2777 1268 2833 μετανίστατο]
1289 2773 1463 2814 ἀνίστατο
1481 2776 1515 2812 Β

218 2823 276 2862 1⁰.
300 2823 673 2871 παρασκευαζομένου
698 2826 729 2862 Α
752 2827 864 2866 Amst.
855 2851 883 2871 .,
907 2826 1036 2864 caeteri
1060 2822 1330 2870 σκευαζομένου
