1968 3346
277 270 578 317 EXCERPTA
611 267 897 310 VATICANA
925 267 973 307 L.
999 265 1149 310 XXVI.
1158 264 1350 305 —XXX.
1451 267 1509 307 79

122 385 288 444 ὀφείλει
317 385 410 434 τοῖς
452 379 600 431 ἄλλοις
637 376 800 435 ὁμοίως
827 376 916 422 ’ὑπὸ
953 377 1031 420 τόν
1057 360 1293 432 ἐξετασμόν
1323 377 1509 419 πί.πτειν

121 441 398 511 ἐπικειμένου
429 438 475 482 δὲ
510 440 590 480 τοῦ
622 436 873 505 κατηγόρου
903 434 1076 489 πέμψας
1107 434 1172 476 ἐπι
1203 434 1284 476 τόν
1315 432 1510 503 ἀδελφὸν

123 500 326 571 ἐκόμισεν
361 496 430 539 ἐπὶ
470 492 519 538 τὸ
555 492 790 547 συνέδριον
827 491 878 536 τὸ
917 492 1090 561 βιβλίον
1122 491 1197 533 καὶ
1230 490 1511 544 καταπράξας

124 555 234 601 αὐτὸ
263 558 324 613 τῷ
353 549 582 620 κατηγόρω
612 549 844 605 προςέταξε
878 552 1033 618 ψῆφον
1055 547 1109 616 ξκ
1138 545 1310 590 τούτων
1338 562 1510 600 προςτι-

122 614 274 662 θέναι,
297 600 408 659 τούς
438 608 484 652 δὲ
513 605 672 657 ἅλλους
703 605 1018 675 συγκλητικοὺς
1046 603 1175 674 ἤρετο
1205 607 1298 654 πῶς
1328 619 1417 646 των
1447 605 1511 646 δε·
1540 601 1565 641 5

124 667 442 738 δαπανημένων
470 666 716 719 τριςχιλίων
743 661 971 706 ταλάντων
999 661 1078 704 τὸν
1096 660 1232 716 λόγον
1261 659 1511 712 ἀπαιτουσι,

123 731 214 771 τῶν
242 725 287 768 δὲ
306 724 479 793 μυρίων
503 722 582 764 καὶ
609 721 910 764 πεντακοσίων
933 734 997 762 ων
1023 718 1142 771 παρὰ
1160 717 1385 772 Ἀντιόχου
1409 723 1512 787 λαμ-

124 783 311 853 βάνουσι
341 779 476 835 λόγον
507 775 590 821 οὐκ
620 776 882 821 ἀπαιτοῦσιν
902 774 1006 818 οὐδὲ
1036 776 1283 830 λογίζονται
1312 778 1404 823 πῶς
1417 770 1510 843 ὑφ’

124 841 202 884 ἕνα
235 836 390 910 σχεδὸν
423 834 582 890 καιρὸν
613 832 667 877 οὐ
709 834 877 891 μόνον
875 833 1060 902 Ἰβηρίας
1089 832 1162 874 καὶ
1192 829 1361 897 Λιβύης
1403 828 1512 873 ἄλλα

122 897 198 941 καὶ
230 900 305 952 τῆς
330 892 475 943 Ἀσίας
503 889 802 962 κυριεύουσιν.
843 892 906 933 ὠν
938 888 1160 958 ῥηθέντων
1191 889 1263 931 διοὶ
1293 888 1343 930 τὸ
1375 887 1569 941 βάροςῙΟ

122 958 200 1024 τῆς
241 952 485 1021 παρρησίας
524 946 631 992 οὔθ’
673 948 697 992 6
730 946 975 1004 κατήγορος
1017 944 1119 990 ου’τε
1158 960 1247 988 των
1286 943 1514 999 συνέδρων

124 1009 269 1061 οὐδεὶς
298 1007 554 1064 ἐφθέγξατο.

67 1099 112 1135 71
237 1089 371 1130 XVII.
399 1086 499 1129 Ὀτι
526 1082 554 1141 ἡ
584 1082 711 1135 πόλις
730 1085 985 1137 Κεμελετων
1004 1079 1093 1126 ὑπό
1115 1085 1291 1153 ληστῶν
1308 1081 1382 1125 καὶ
1412 1082 1515 1135 δρα-

123 1149 266 1190 πετῶν
297 1141 512 1213 ᾠκισμένη
541 1140 619 1185 τὸν
649 1138 760 1194 πρὸς
785 1139 1025 1195 Ρωμαίους
1054 1138 1246 1207 πόλεμον
1267 1137 1510 1188 ἀνεδέξατο,

123 1202 325 1256 πρέσβεις
373 1197 416 1243 6'
458 1199 722 1250 ἐξαπέστειλε
762 1214 871 1264 προς
911 1197 1132 1239 Φολούιον
1174 1194 1286 1249 ὑπὲρ
1325 1194 1569 1238 ἑκάστουίό

123 1264 214 1303 τῶν
251 1254 529 1326 τεθνηκότων
569 1256 755 1298 αἰτοῦσα
793 1253 928 1309 λόγον
966 1254 1040 1296 καὶ
1078 1253 1336 1323 ἐγχειρίδιον
1375 1253 1436 1295 ἔτι
1467 1251 1514 1295 δὲ

122 1319 282 1360 ἵππον·
315 1316 351 1357 εἰ
382 1312 427 1356 δὲ
458 1311 543 1368 μή,
573 1310 944 1372 καταπολεμήσειν
961 1309 1140 1366 ἠπείλει.
1173 1309 1197 1353 ὁ
1231 1311 1275 1353 δὲ
1294 1307 1514 1359 Φολούιος

124 1371 318 1441 ἐντυχών
347 1374 439 1420 τοῖς
468 1367 699 1438 πρέσβεσιν
730 1373 819 1411 εἰπε
849 1367 907 1422 μὴ
936 1372 1233 1411 κακοπαθεῖν
1265 1365 1399 1416 αὐτὸς
1429 1365 1513 1421 γὰρ

124 1430 196 1474 ἐπὶ
235 1427 315 1484 τὴν
351 1425 481 1470 πόλιν
522 1424 644 1482 η’ξειν
684 1442 758 1468 και
788 1423 981 1493 φθανειν
1019 1441 1100 1480 την
1138 1424 1304 1475 ε’ξοδον.
1345 1423 1422 1473 τας
1467 1423 1514 1466 δε

125 1485 379 1553 ἐπαγγελίας
417 1486 658 1553 βεβαιωσαι
687 1479 957 1551 βουλόμενος
994 1498 1260 1536 παραχρημα
1294 1477 1571 1532 ανέζευξενΞΟ

124 1543 197 1588 ἐπὶ
225 1541 329 1592 τοὺς
360 1538 618 1598 βαρβαρους
642 1539 689 1582 ἐκ
708 1537 845 1588 ποδὸς
872 1536 1136 1582 ακολουθῶν
1155 1543 1246 1589 τοῖς
1268 1553 1348 1592 πρε
1332 1537 1514 1591 έσβεσιν.

228 1598 328 1642 Ὀτι
357 1601 447 1640 τῶν
488 1599 628 1652 φίλων
664 1594 785 1645 τινός
814 1594 1013 1646 εἰπόντος
1029 1597 1304 1664 Πτολεμαίῳ
1343 1598 1402 1651 τῷ
1433 1598 1517 1650 βα-

128 1660 239 1700 σιλεῖ
276 1653 348 1698 δια
386 1655 428 1697 τί
462 1657 538 1709 τῆς
570 1654 727 1722 κοίλης
766 1654 939 1706 Συρίας
983 1651 1117 1708 οὔσης
1156 1650 1298 1695 αὐτοῦ
1339 1653 1519 1702 δικαίως

129 1711 412 1779 ἄφροντιστεῖ
447 1708 586 1754 πολλὰ
631 1710 729 1763 περὶ
767 1708 943 1753 τούτων
985 1709 1154 1779 εφησεν
1198 1708 1316 1766 αὐτῷ
1358 1709 1514 1764 μέλειν.

126 1767 428 1840 υποπεσόντος
477 1767 524 1810 δὲ
562 1771 645 1810 τοῦ
684 1770 1056 1835 προςομιλοῦντος
1099 1764 1240 1809 πόθεν
1281 1754 1575 1834 εὐπορησει25

128 1825 362 1896 χρημάτων
382 1827 440 1875 εἷς
458 1823 538 1866 τόν
558 1822 752 1877 πόλεμον
782 1822 805 1866 6
838 1821 1041 1892 βασιλεύς
1071 1824 1212 1875 δείξας
1229 1821 1335 1873 τοὺς
1357 1824 1518 1879 φίλους

129 1889 250 1954 εἷπεν
272 1880 409 1940 “Ορᾷς
438 1880 541 1933 τοὺς
570 1879 701 1937 ἐμους
728 1879 989 1936 θησαυρούς
1016 1883 1388 1936 περιπατοῦνταςς

268 1987 326 2022 79.
354 1988 386 2021 1.
423 1983 577 2041 ὀφείλει]
602 1983 720 2018 mah'm
739 1980 920 2039 ὀφείλειν.

267 2034 325 2068 79-
351 2031 385 2067 4.
420 2029 653 2075 προςέταξεν]
678 2032 805 2076 incipit
830 2030 961 2065 codicis
984 2044 1018 2077 p.
1041 2030 1121 2066 296·

268 2081 326 2114 79.
351 2080 386 2113 5.
426 2076 552 2135 ᾔρετο]
579 2077 704 2131 εἰρετο
720 2079 775 2110 ed
800 2078 901 2113 Rom.

269 2127 326 2160 79
352 2126 384 2159 8.
418 2124 654 2178 απαιτοῦσιν]
681 2119 884 2158 απαιτοῦσι
907 2124 962 2157 ed·
988 2125 1090 2167 Rom.

268 2171 411 2207 79.15
449 2168 648 2214 Φολούιον]
687 2166 864 2205 Φιλούιον
889 2171 946 2204 ed.
969 2164 1071 2204 Rom.
1098 2177 1132 2204 et
1155 2170 1189 2204 9
1224 2165 1399 2210 Φιλούίνς
1422 2167 1518 2211 (sic).

267 2219 324 2252 79.
354 2220 410 2253 16.
445 2217 568 2262 λόγον]
594 2231 635 2251 an
661 2216 817 2260 λόγχηνὶ)

268 2265 326 2299 79
352 2264 410 2298 ⁴21.
444 2262 650 2321 πρέσβεσιν]
676 2263 901 2319 πρέσβευσιν
923 2262 978 2295 ed.
1001 2262 1101 2296 Rom.

270 2311 326 2346 79.
349 2309 407 2346 24.
441 2324 543 2357 αντῳ
567 2309 705 2355 μέλειν]
730 2310 833 2357 αὐτῷ
856 2322 899 2354 μ-
888 2307 998 2344 ἵλλειν
1022 2310 1079 2342 ed.
1104 2308 1208 2342 Rom.

220 2399 359 2436 7912.
391 2401 604 2436 Luculenter
618 2403 707 2436 haec
724 2401 842 2436 omnia
859 2401 949 2444 apud
967 2399 1108 2434 Livium
1123 2401 1311 2433 narrantur
1320 2394 1522 2432 XXXVIII.

132 2445 233 2480 50-
242 2446 297 2481 55
336 2449 432 2481 MAI.
479 2449 629 2493 Sumpta
652 2450 741 2482 haec
765 2460 807 2482 ex
830 2447 982 2491 Polybio
1008 2458 1039 2489 p.
1066 2447 1120 2479 ed.
1144 2446 1230 2480 Mai.
1255 2445 1334 2478 417.

225 2494 362 2528 79.13.
404 2495 574 2528 Cemelion
605 2496 662 2528 vel
695 2495 916 2528 Cemeneleon
939 2493 1097 2526 Ved1a1=t
1101 2504 1199 2526 orum
1233 2491 1399 2534 0·›pidum
1431 2489 1521 2534 alpi-

132 2550 217 2573 num
235 2541 426 2574 adVarum
447 2541 616 2574 novimus.
642 2534 1289 2584 Cellar.geogr.antiq.lib.11.2.3.
1315 2538 1394 2570 1-1.
1421 2537 1520 2569 MAI.

223 2586 280 2620 79.
306 2586 363 2619 15.
397 2587 482 2620 Exin—
486 2586 571 2620 timo
604 2587 701 2620 hunc
735 2598 810 2620 esse
833 2587 876 2629 Q.
901 2585 1065 2618 Fulvium
1096 2586 1283 2624 Flaccum,
1320 2584 1362 2616 dc
1385 2595 1454 2626 quo
1477 2583 1522 2615 ad

132 2631 230 2665 urbis
252 2643 381 2666 annum
400 2633 560 2666 DLXXV
573 2658 582 2674 ‚
606 2633 728 2666 scribit
742 2632 862 2666 Livius
882 2630 956 2665 XL.
982 2628 1038 2665 59.
1066 2632 1155 2664 alter
1175 2631 1350 2664 consulum
1374 2631 1412 2671 Q
1439 2629 1523 2661 Ful-

133 2679 210 2711 vius
227 2690 267 2712 ex
284 2679 473 2723 Liguribus
488 2680 738 2723 triumphavit‚·
769 2690 869 2723 quem
886 2678 1096 2721 triumphum
1115 2678 1231 2722 magis
1255 2677 1398 2720 gratiae
1418 2685 1523 2719 quam

134 2735 249 2757 rerum
275 2730 456 2769 gestarum
487 2727 726 2769 magnitudini
751 2726 873 2759 datum
900 2724 1090 2758 constabat.
1140 2726 1322 2756 fir-monum
1349 2722 1522 2756 hostilium

134 2771 977 2862 ’ΜὲἷῧῗέζῖᾞζῗιῖῗῗῗᾈΖῗὲὲέἵιίῗὲᾅῗέἔῖ
1000 2769 1523 2868 2¹‹‘‚¹g”‡.‘2‚‘f1²1¹211t0³f221¹11.ane0...

135 2860 206 2894 hoc
227 2862 375 2897 effatum
400 2874 506 2897 causa
528 2863 620 2897 necis
646 2863 732 2904 tuit,
757 2867 843 2896 teste
866 2860 1066 2906 Ροψὴμῆυ
1092 2862 1183 2904 apud
1201 2860 1460 2905 Hieronymum
1485 2859 1521 2892 in

135 2907 406 2946 Dan.x1.20:
444 2910 663 2945 Ptolemaeus
686 2910 874 2954 epiphanes
899 2920 1001 2954 quum
1033 2908 1200 2942 advmsus
1224 2909 1403 2943 Seleucum
1428 2917 1523 2941 extr-
