1968 3346
292 209 595 254 EXCERPTA
627 209 913 253 VATICANA
941 209 990 252 L.
1011 209 1205 251 XXXIV.
1214 210 1470 253 —XXXVL
1497 214 1580 253 121

187 321 353 370 ἑαυτὸν
390 323 582 364 νικῶντα
599 320 715 391 μετὰ
744 324 880 376 χαρᾶς
909 318 1216 391 ἀνεφθέγξατο
1252 320 1311 364 Τὸ
1346 322 1425 390 μὲν
1455 323 1581 376 ξίφος

191 377 421 422 υπόκειται
460 382 552 427 τοῖς
592 376 786 431 ἐχθροῖς,
825 377 924 433 περὶ
961 377 1007 421 δὲ
1046 381 1136 421 τῶν
1174 376 1321 422 ἄλλων
1359 395 1420 430 ως
1457 377 1513 422 ἀν
1551 378 1579 435 ἡ

193 433 302 491 τύχη
329 432 566 490 βραβεύσει
596 433 840 489 στέρξομεν.

306 524 419 592 XIV.
447 521 548 565 Ὀτι
564 520 843 578 Ἀλέξανδρος
871 522 975 592 μετὰ
1002 521 1052 566 τὸ
1059 524 1368 590 ἱεροσυλῆσαι
1395 524 1581 580 ἔφευγεν

191 580 264 625 επὶ
285 578 334 622 τὸ
355 580 604 622 Ποσίδειον.
636 581 778 622 είπετο
809 579 855 623 δὲ
877 578 1006 636 αὐτῷ,
1038 576 1098 630 ὠς
1120 581 1245 631 ἔοικε,
1276 580 1325 622 τὸ
1346 581 1580 635 δαιμόνιον
1608 582 1636 624 5

192 635 388 705 ἀόρατον
425 635 472 679 έκ
507 637 660 678 ποδῶν
696 639 859 679 διῶκον
888 637 963 679 καὶ
999 653 1052 693 τῃ
1082 634 1182 679 κατ’
1226 635 1366 679 αὐτοῦ
1395 640 1581 705 τιμωρίᾳ

190 690 412 760 συνεργὸν
449 692 685 748 γινόμενον
725 692 997 736 συνέκλεισεν
1038 694 1099 742 εἰς
1136 691 1184 735 τὸ
1220 698 1366 747 τυχεῖν
1394 711 1470 748 της
1491 694 1581 764 ἁρ-

189 747 434 822 μοττούσης
454 751 596 804 δίκης·
632 750 900 818 συλληφθεὶς
929 749 1013 803 γὰρ
1048 747 1216 818 ἀνηχθη
1245 748 1356 802 πρὸς
1385 749 1464 793 τόν
1491 748 1582 792 ’-Αν

189 807 340 861 τίοχον
379 807 439 856 εἰς
475 805 555 861 τήν
592 806 874 876 παρεμβολὴν
914 806 1042 849 δυσὶν
1081 804 1258 875 ἡμέραις
1287 806 1475 859 ὕστερον
1505 811 1581 863 τῆς

190 864 450 916 ἱεροσυλίας.
489 862 631 913 οὕτως
660 861 964 919 ἀνέκφευκτος
983 860 1010 917 ἡ
1041 861 1231 916 τιμωρὸς
1261 864 1358 918 δίκη
1387 862 1577 918 μετέρχε-
1588 871 1636 909 10

187 935 261 962 ται
288 920 370 989 τήν
398 922 487 962 τῶν
517 917 690 975 ἀσεβῶν
717 919 904 989 τόλμαν·
935 919 1222 973 έγρηγορυῐαι
1249 920 1333 973 γὰρ
1366 919 1580 963 διώκουσι

186 992 296 1026 τους
325 973 536 1026 ἀνοσίους
562 976 715 1019 ποιναὶ
746 975 973 1041 σύντομον
999 975 1078 1030 τὴν
1108 978 1322 1029 τιμωρίαν
1349 976 1578 1031 φέρουσαι.

188 1032 288 1085 α’ρτι
311 1031 396 1086 γάρ
427 1031 631 1101 βασιλευς
656 1035 712 1088 ἠν
741 1033 815 1074 καὶ
845 1030 1068 1084 τεσσάρων
1091 1031 1323 1086 μυριάδων
1349 1044 1579 1086 στρατοπε-

189 1090 418 1133 δευουσῶν
438 1086 670 1145 ἀφηγεῖτο,
701 1089 773 1132 καὶ
791 1089 1018 1145 δεδεμένος
1046 1087 1282 1145 ἐπανήγετο
1313 1089 1425 1143 πρὸς
1443 1089 1579 1144 ὕβριν

186 1146 260 1188 καὶ
291 1146 508 1199 τιμωρίαν
537 1147 771 1201 πολεμίων.
1581 1151 1633 1193 15

115 1235 189 1274 110
224 1249 228 1253 .
290 1222 399 1266 Ὀτι
428 1221 647 1279 ἀγομένου
685 1223 919 1279 δεδεμένου
959 1223 1032 1266 δια
1060 1227 1136 1279 τῆς
1163 1227 1450 1295 παρεμβολῆς
1465 1221 1579 1267 Ἀλε-

188 1277 385 1351 ξάνδρου
413 1283 494 1323 τοῦ
523 1279 736 1351 βασιλέως
764 1284 839 1336 τῆς
860 1282 1028 1333 Συρίας
1057 1285 1188 1323 τοῦτο
1221 1279 1404 1323 α’πιστον
1435 1279 1578 1324 ἐδόκει

187 1340 281 1388 τοῖς
302 1334 546 1379 ἀκούουσιν
575 1335 684 1382 ἀλλὰ
713 1337 786 1379 καὶ
812 1342 904 1388 τοῖς
934 1335 1110 1391 ὁρῶσιν
1141 1336 1221 1392 τήν
1241 1353 1326 1390 γαρ
1354 1337 1577 1392 ἐνέργειαν

187 1397 264 1450 τῆς
294 1393 538 1448 αἰσθήσεως
565 1393 615 1437 τὸ
644 1394 859 1465 μηδέποτε
888 1393 1095 1448 γενέσθαι
1124 1393 1428 1463 προςδοκηθεν
1448 1394 1576 1437 τούν-

187 1451 342 1494 αντίον
381 1450 530 1503 ῥέπειν
569 1451 780 1520 ἐβιάζετο·
820 1449 912 1493 ἐπεὶ
952 1451 997 1493 δὲ
1038 1449 1111 1493 διὰ
1151 1454 1227 1504 τῆς
1265 1449 1459 1504 ὁράσεως
1487 1450 1572 1507 έβε-
1577 1458 1632 1496 20

187 1510 374 1579 βαιοῦτο
390 1505 598 1577 τάληθές,
632 1506 820 1556 ἅπαντες
841 1510 1142 1561 θαυμάζοντες
1163 1506 1352 1550 ἀνέλυον
1381 1505 1467 1550 ἀπὸ
1498 1511 1577 1564 τῆς

183 1563 294 1614 θέας
324 1564 369 1606 οἱ
396 1579 475 1633 μεν
513 1562 700 1618 ἀθρόοις
739 1564 814 1608 καὶ
852 1562 1103 1615 συμπαθέσι
1144 1569 1315 1635 φωναῖς
1353 1563 1578 1620 ἐπισημαι-

183 1619 368 1688 νόμενοι
394 1619 475 1676 τὴν
501 1625 583 1664 τοῦ
613 1622 845 1675 δαιμονίου
871 1619 1089 1674 δύναμιν,
1121 1622 1165 1663 οἱ
1186 1621 1231 1664 δὲ
1258 1622 1465 1670 ποικίλως
1490 1621 1577 1664 ἐπι-

185 1675 486 1747 φθεγγόμενοι
514 1676 565 1720 τὸ
587 1682 668 1746 τῆς
683 1677 817 1732 τύχης
847 1676 1060 1728 ἄστατον,
1092 1676 1142 1720 τό
1168 1679 1469 1747 παλίντροπον
1487 1694 1577 1720 των

184 1732 510 1802 ἀνθρωπίνων,
548 1732 630 1789 τὴν
661 1733 848 1804 ὀξύτητα
876 1737 952 1788 τῆς
981 1733 1270 1801 παλιρροίας,
1310 1733 1369 1786 ὠς
1397 1731 1574 1791 ευμετά-
1561 1740 1634 1783 -25

183 1791 320 1847 βολος
349 1787 373 1834 ὁ
404 1791 526 1848 βίος,
555 1792 621 1844 τίς
649 1789 733 1835 οὐκ
764 1791 820 1835 ἂν
849 1757 1185 1848 προςεδόκησεν.

323 1927 403 1962 121.
426 1927 461 1962 Ξ.
496 1924 536 1971 ἡ]
564 1925 612 1972 δή
636 1929 692 1962 ed.
716 1930 818 1963 Rom.

325 1974 406 2007 121.
429 1975 464 2009 5.
498 1941 713 2017 Ποσίηδειον]
752 1972 925 2009 Πισίδιον
959 1972 1016 2008 ed.
1039 1974 1142 2008 Rom
1174 1984 1253 2008 cum
1281 1974 1365 2008 Exc.
1389 1974 1509 2009 Vales.
1540 1987 1577 2021 p.

170 2036 174 2039 ·
231 2017 334 2060 604.,
360 2020 421 2053 ubi
448 2032 481 2055 v.
503 2023 718 2064 wesseling.

323 2043 406 2099 ’121
431 2067 466 2101 7.
501 2065 690 2123 συνεργὸν]
716 2064 893 2111 σύνεργον
916 2066 972 2099 ed.
996 2067 1099 2100 Rom

325 2111 406 2146 121·
431 2112 486 2148 13
519 2112 597 2158 καὶ]
622 2116 678 2148 Ita
702 2114 804 2156 cod.;
830 2113 894 2147 sed
917 2112 1036 2146 malim
1059 2110 1142 2146 νῦν.
1174 2111 1272 2146 ΜΑῐ.

276 2232 359 2271 121.
379 2232 416 2270 5.
459 2235 590 2281 Agitur
619 2236 663 2271 de
693 2236 890 2271 Alexandro
916 2235 960 2270 II.
992 2239 1220 2280 cognomento
1253 2233 1408 2278 Zabina,
1446 2232 1576 2279 Syriae

185 2290 280 2324 rege.
328 2281 488 2315 Iamvero
520 2283 557 2316 in
579 2283 768 2317 valesianis
798 2293 937 2326 quoque
961 2282 1212 2326 fragmentisp
1216 2283 1322 2316 ,604
1348 2280 1378 2314 is
1401 2292 1462 2314 rex
1485 2280 1575 2314 dici-

185 2328 243 2359 tur
265 2329 343 2369 post
363 2327 576 2373 sacrilegam
599 2329 831 2373 direptionem
861 2328 957 2373 fugis
953 2340 996 2361 se
1019 2328 1078 2362 Pi„
1067 2328 1202 2361 fidium.
1249 2329 1365 2372 Igitur
1393 2326 1575 2361 valesiano

184 2371 384 2416 fragmento
407 2384 549 2416 prorsus
571 2375 823 2409 subtexendum
846 2379 898 2407 est
920 2374 1120 2408 vaticanum
1142 2375 1229 2413 hoc,
1263 2375 1298 2408 in
1324 2383 1393 2416 quo
1416 2373 1574 2407 narratio

183 2417 342 2460 supremi
375 2418 440 2452 fati
469 2419 717 2463 continuatur,
752 2432 842 2463 quae
874 2432 929 2453 res
959 2420 1086 2454 deest·
1076 2432 1111 2452 m
1137 2420 1333 2455 vs·a1e1anis.
1379 2418 1574 2452 Diodorum

183 2462 338 2497 illustrat
366 2464 517 2499 lustinus
545 2466 710 2500 XXXIX.
742 2466 785 2500 2.
827 2466 1025 2500 Alexander
1053 2467 1165 2500 victus
1197 2472 1231 2501 ct
1263 2467 1360 2509 inops
1386 2465 1570 2518 pecunjac,

184 2520 263 2542 cum
285 2510 458 2554 stipendia
481 2512 647 2545 militibus
671 2513 846 2553 deessent,
870 2513 996 2555 templo
1020 2512 1112 2545 Iovis
1130 2512 1276 2546 solidum
1300 2524 1340 2546 ea:
1359 2521 1444 2543 auro
1467 2511 1575 2543 victo-

185 2555 261 2589 riae
283 2556 422 2601 signum
440 2558 514 2590 tolli
536 2558 643 2599 iubet,
664 2559 795 2602 facetis
819 2558 901 2591 iocis
923 2558 1147 2601 sacrilegium
1171 2557 1467 2595 circumscribens3
1489 2567 1574 2588 uam

186 2601 368 2636 victoriam
400 2604 651 2637 commodatam
676 2605 741 2638 sibi
765 2605 809 2637 ab
835 2604 915 2637 Iove
939 2615 1010 2637 esse
1037 2605 1184 2637 dicebat.
1234 2603 1424 2637 Interiectis
1447 2602 1574 2635 deinde

187 2648 328 2702 diebus3
360 2658 437 2681 cum
459 2649 567 2693 ipsius
591 2650 680 2683 lovis
704 2661 848 2684 aureum
871 2651 1093 2683 simulacrum
1125 2649 1252 2692 infiniti
1272 2648 1435 2693 ponderis
1466 2649 1574 2680 tacite

164 2707 167 2709 “
186 2694 289 2727 evelli
310 2694 485 2735 iussisset,
507 2696 801 2739 deprehensusque
823 2697 859 2729 in
883 2696 1067 2740 sacrilegio
1087 2707 1249 2729 concursu
1264 2694 1495 2728 multitudinis
1520 2704 1573 2727 es-

184 2743 238 2772 set
261 2740 298 2772 in
313 2743 446 2783 fugam
469 2751 608 2783 versus,
631 2753 766 2786 magna
789 2743 825 2775 υἰ
848 2743 1064 2785 tempestatis
1087 2752 1282 2784 oppressus,
1309 2751 1350 2772 ac
1374 2739 1526 2772 desertus
1548 2750 1572 2771 a

184 2785 274 2825 cuis,
299 2797 323 2818 a
347 2786 537 2819 latronibus
561 2765 723 2830 capiturz·
752 2788 1002 2834 perductusque
1026 2788 1074 2822 ad
1100 2787 1254 2831 Grypum
1276 2785 1432 2831 (δμὶειο
1452 2784 1572 2830 legiti-

183 2839 283 2866 mum
303 2832 443 2877 regem)
466 2833 679 2877 interficitur.
717 2833 818 2869 MAI.
