1968 3346
359 208 659 251 EXCERPTA
687 205 972 250 VATICANA
1001 208 1049 249 L.
1067 207 1262 250 XXXIII.
1422 212 1508 253 109

122 320 306 392 λόγους·
347 320 422 365 καὶ
435 319 540 391 γὰρ
568 334 658 362 των
695 318 776 375 τήν
809 318 990 389 Τύκκην
1019 318 1266 364 οἰκούντων
1296 319 1508 391 οὐδέποτε

118 376 345 432 μενόντων
381 376 451 422 ἐπὶ
489 380 566 431 τῆς
605 374 763 445 αὐτῆς
777 375 1004 430 αἱρέσεως,
1049 375 1148 420 ἀλλ’
1187 376 1258 420 ὁτὲ
1287 378 1366 433 μὲν
1395 377 1507 432 πρὸς

114 433 371 491 Ῥωμαίους
386 433 457 477 ὁτὲ
487 432 533 476 δὲ
564 432 674 487 πρὸς
706 431 845 475 αὐτόν
875 431 1205 488 ἀφισταμένων,
1242 451 1315 478 και
1346 433 1507 478 πολλά-

119 508 190 542 κις
217 495 350 534 τοῦτο
381 488 686 544 πραττόντων,
718 487 847 532 αἷνόν
875 506 975 532 τινα
1005 490 1193 533 διελθών
1213 488 1295 534 οὐκ
1324 489 1506 562 ἀσόφως

121 549 318 595 ἔσκωψεν
346 545 464 615 α’μα
476 546 552 589 καὶ
581 545 786 601 ἐπέπληξε
823 543 872 589 τό
903 549 979 615 τῆς
1008 548 1193 600 κρίσεως
1233 546 1380 591 αὐτων
1410 546 1562 605 ἀβέ-5

120 608 264 661 βαιον.
296 603 380 659 ἔφη
409 600 494 658 γάρ
523 618 623 645 τινα
651 602 786 673 μέσον
811 601 895 658 η’δη
924 601 1005 658 τήν
1026 603 1204 672 ἡλικίαν
1235 601 1342 647 ὄντα
1370 607 1507 676 γαμῆ-

122 672 196 704 σαι
225 657 307 704 δύο
325 664 565 714 γυναῖκας,
595 659 669 702 καὶ
696 658 777 713 τὴν
798 659 878 714 μὲν
906 658 1124 714 νεωτέραν
1147 659 1380 716 ἐξομοιοῦν
1409 660 1507 705 ἑαυ-

0 715 13 748 '¹'
63 729 109 763 98
121 721 176 774 τῇ
206 715 581 786 φιλοτιμουμένην
612 715 691 759 τὸν
721 715 866 784 α’νδρα
895 715 941 759 ἐκ
981 720 1057 772 τῆς
1092 721 1289 785 κεφαλῆς
1318 718 1393 768 τὰς
1429 733 1507 761 πο-

119 772 217 824 λιας
250 774 456 816 ἐκτίλλειν
485 771 646 824 αὐτοῦ,
690 769 770 826 τὴν
802 772 847 816 δὲ
876 777 1016 827 γραῦν
1054 790 1131 824 τας
1159 776 1389 829 μελαίνας,
1431 774 1506 817 καὶ

119 833 257 883 πέρας
285 827 362 872 ὑπ’
393 826 656 898 ἀμφοτέρων
686 827 824 872 αὐτὸν
846 828 1146 884 ἐκτιλλόμενον
1163 830 1273 898 ταχὺ
1286 847 1343 899 γε
1327 830 1561 877 νέσθαιΙΟ

121 883 369 958 φαλακρόν.
406 884 455 928 τό
488 884 796 940 παραπλήσιον
826 886 872 929 δὲ
900 887 974 929 καὶ
1001 892 1093 937 τοῖς
1121 885 1203 957 τήν
1235 886 1411 942 Τύκκην
1442 889 1505 931 οἰ-

119 947 280 987 κοῦσιν
310 942 497 985 ἔασεσθα
538 946 629 985 τῶν
662 942 741 1012 μὲν
779 940 863 997 γὰρ
889 942 1112 998 Ῥωμαίων
1152 942 1505 987 ἀποκτεινάντων

118 999 223 1050 τούς
261 998 499 1067 ἀλλοτρίως
537 998 646 1051 πρὸς
681 996 842 1048 αὐτοὺς
881 999 1079 1054 ἔχοντας,
1118 1017 1209 1043 των
1240 1001 1285 1044 δὲ
1315 1006 1506 1044 Λυσιτα-

118 1061 213 1100 νῶν
244 1053 550 1108 ἀναιρούντων
579 1071 682 1105 τους
709 1053 859 1098 αὐτῶν
870 1056 1096 1126 ἐχθρούς,
1127 1075 1235 1126 ταχυ
1265 1057 1347 1126 τὴν
1374 1056 1505 1101 πόλιν

118 1111 497 1181 ἐρημωθήσεσθαι.
529 1111 668 1154 πολλὰ
691 1111 736 1154 δὲ
765 1129 839 1155 και
866 1111 989 1166 ἕτερά
1011 1125 1146 1168 φασιν
1171 1112 1309 1157 αὐτὸν
1332 1115 1379 1157 ἐν
1398 1118 1501 1170 βρα-
1507 1118 1560 1160 15

117 1170 251 1238 χέσιν
251 1166 646 1237 ἀποφθέγξασθαι,
682 1171 756 1224 τῆς
785 1168 864 1224 μὲν
895 1169 1128 1225 ἐγκυκλίου
1159 1173 1358 1222 παιδείας
1389 1171 1504 1214 α’πει-

119 1242 201 1295 ρον
234 1223 364 1276 ὄντα,
391 1240 616 1294 πρακτικη
649 1225 694 1267 δε
725 1226 898 1268 συνέσει
929 1243 981 1270 πε
984 1230 1109 1270 παιδε
1114 1228 1297 1283 υμένον·
1342 1226 1504 1283 ἀνδρὸς

117 1298 203 1353 γαρ
236 1280 497 1331 ἀκολούθως
514 1285 578 1350 τῇ
615 1281 747 1336 φύσει
785 1286 945 1335 ζωντος
975 1284 1191 1338 σύντομος
1226 1283 1356 1340 λόγος
1387 1285 1506 1329 ἐστιν

117 1337 250 1408 ἀρετῃ
279 1337 627 1393 συνησκημένος,
666 1338 715 1381 τό
747 1338 793 1381 δὲ
824 1337 1004 1398 ἀφελεία
1041 1340 1177 1410 λόγου
1209 1342 1402 1397 βραχέως
1429 1359 1506 1385 και

115 1393 354 1448 ἀπερίττως
392 1394 530 1464 ῥηθέν
567 1398 649 1437 τοῦ
678 1395 758 1451 μὲν
790 1395 989 1447 εἰπόντος
1026 1395 1295 1454 ἀπόφθεγμα
1324 1401 1500 1454 γίνεται,
1504 1407 1561 1447 20

113 1455 197 1496 τοῦ
225 1452 271 1494 δὲ
301 1449 581 1501 ἀκούσαντος
610 1449 1000 1522 ἀπομνημόνευμα.

228 1508 300 1550 1V.
337 1505 443 1550 Ὀτι
472 1512 593 1561 φιλεῖ
617 1506 644 1563 ἡ
675 1509 755 1563 μὲν
793 1506 1002 1577 ἀσθένεια
1040 1511 1114 1554 καὶ
1149 1508 1405 1581 ταπεινότης
1436 1507 1504 1554 ἀεὶ

115 1562 199 1619 τὴν
228 1563 353 1620 λιτὴν
372 1562 638 1619 αὐτάρκειαν
665 1565 740 1607 καὶ
768 1566 818 1608 τὸ
850 1568 1044 1619 δίκαιον,
1075 1568 1103 1624 ἡ
1135 1569 1181 1611 δὲ
1210 1567 1399 1625 ὑπεροχή
1424 1568 1505 1625 τὴν

115 1622 371 1672 πλεονεξίαν
394 1621 470 1664 καὶ
495 1621 577 1689 τὴν
607 1620 654 1663 ἐκ
684 1625 762 1690 τῆς
790 1621 962 1674 ἀδικίας
991 1627 1284 1679 παρανομίαν.

219 1677 323 1720 Οτι
336 1694 446 1720 κατα
460 1676 538 1720 τὸν
548 1680 698 1746 μῦθον
712 1676 791 1721 τὸν
804 1678 1076 1734 λεγόμενον
1064 1682 1163 1735 περὶ
1173 1681 1231 1724 Α
1218 1699 1324 1737 sau
1309 1681 1562 1737 ’μνονος,25

118 1751 178 1786 ως
202 1734 325 1778 ε’θετο
347 1731 458 1788 ἀρὰν
480 1733 588 1777 κατὰ
608 1738 697 1777 τῶν
720 1733 1079 1790 ἀπολειφθέντων
1099 1741 1157 1789 εἰς
1176 1737 1356 1794 Κρήτην
1379 1751 1503 1791 στρα-

115 1807 298 1843 τιωτων,
327 1789 492 1834 παλαιὰ
525 1789 716 1845 διαμένει
746 1808 864 1846 παρα
894 1799 987 1844 τοῖς
1018 1796 1165 1851 Κρησὶ
1193 1797 1409 1849 παροιμία
1441 1792 1500 1838 δι’

119 1848 217 1900 ἑνὸς
247 1849 395 1903 στίχου
425 1846 658 1916 μηνύουσα
686 1846 765 1903 τὴν
802 1853 888 1892 νῦν
926 1856 1188 1921 γενηθεῖσαν
1217 1852 1502 1906 περιπέτειαν,

271 1906 388 1957 αἰαῖ,
423 1903 670 1960 Περγάμιοι
699 1905 819 1961 παρά
849 1922 917 1950 τοι
943 1906 1084 1951 κακὸν
1112 1906 1346 1965 ἡγήσαντο.

254 1986 334 2020 109.
357 1986 389 2020 2.
423 1982 630 2028 μενόντων]
661 1982 729 2027 μὲν
755 1982 874 2019 ὄντων
905 1988 960 2022 ed.
984 1991 1084 2022 Rom·
1111 1998 1145 2024 et
1170 2003 1250 2023 mox
1273 1985 1334 2025 ὅτε
1356 2007 1403 2014 ——
1427 2001 1501 2026 οτε.

256 2033 334 2066 109.
357 2032 392 2066 3.
425 2029 700 2074 ἀφισταμένων]
728 2033 813 2067 Cod.
837 2028 1102 2078 ἀφιστάμενον.
1132 2037 1232 2070 ΜΑΙ.

256 2079 334 2112 109.
359 2078 393 2112 3.
429 2077 506 2133 καὶ]
533 2079 660 2133 incipit
685 2079 817 2111 codicis
842 2091 877 2123 p.
899 2078 977 2114 145.

254 2125 334 2158 109.
360 2125 394 2158 8.
427 2120 511 2167 τοὶς]
535 2122 626 2164 τούς
653 2125 710 2156 ed.
735 2126 837 2157 Rom.

255 2169 333 2205 109.
357 2171 392 2204 9·
421 2170 609 2223 μελαίνας]
647 2168 924 2212 Οο(1.με’λενας.
960 2173 1080 2214 MAI.
1116 2175 1175 2219 qui
1200 2175 1301 2208 dedit
1331 2173 1500 2218 μέλανας.

255 2216 334 2250 109.
358 2216 414 2250 13.
439 2212 651 2258 ἀλλοτρίως]
680 2212 897 2257 ἀλλοτρίους
922 2219 976 2251 ed.
1002 2221 1101 2253 Rom·
1129 2229 1165 2255 et
1189 2219 1244 2256 14.
1271 2219 1408 2257 αὐτῶν.

254 2262 333 2296 109.
360 2261 414 2296 15.
448 2262 612 2317 βραχέσι]
638 2262 723 2297 cod.
746 2260 917 2306 βραχύσι.
951 2267 1047 2298 MAI.

254 2308 333 2341 109.
357 2307 414 2342 26.
449 2304 503 2351 ὃς]
532 2312 616 2342 Cod.
640 2303 700 2347 τὸς.
732 2310 828 2342 MAI

254 2354 332 2387 109.
355 2353 414 2388 29.
449 2354 554 2399 αἰαῖ]
579 2352 624 2389 αῖ
645 2352 689 2389 αἶ
711 2355 766 2389 ed.
791 2357 893 2390 Rom.

205 2418 285 2454 109.
310 2420 343 2454 1.
385 2418 484 2456 Τύκκ
487 2422 545 2466 ην]
581 2423 678 2456 Haec
701 2424 784 2456 urbs
808 2423 975 2458 scribitur
993 2420 1152 2470 Ἰτύκκη,
1185 2427 1276 2470 apud
1301 2425 1501 2471 Appianum

115 2464 204 2509 hisp.
228 2466 272 2499 V.
305 2477 358 2511 gr.
393 2477 472 2511 cap.
487 2435 646 2509 anVII,
680 2468 774 2502 bello
807 2469 1015 2511 τίιίιιῑΙιῖεο;
1050 2472 1110 2505 sed
1142 2472 1248 2506 Tucci
1279 2473 1315 2506 in
1338 2474 1503 2509 Antonini

114 2510 293 2546 itinerario
316 2517 351 2546 ct
374 2514 466 2557 apud
488 2515 740 2549 Ptolemaeum.
773 2516 812 2548 M
816 2517 869 2548 ss

208 2557 286 2591 109.
310 2558 366 2591 10.
401 2560 499 2593 Haec
523 2561 646 2594 fabula
668 2560 748 2595 aliis
771 2562 886 2596 zerbis
910 2561 1075 2596 scribitur
1098 2562 1189 2597 inter
1213 2561 1391 2608 aesopicae
1415 2565 1500 2607 Clc,

113 2603 642 2646 ed.Lips.Mocccx.MA1.

206 2649 284 2683 109
309 2649 364 2684 29
400 2652 470 2685 Cur
503 2652 570 2686 hoc
605 2653 680 2685 Ioco
705 2651 879 2686 Diodorus
913 2653 955 2687 de
979 2654 1201 2688 Cretensibus
1233 2655 1342 2688 verba
1367 2654 1499 2698 fecerit,

113 2705 182 2728 non
204 2695 324 2739 liquet.
374 2697 580 2741 Ceteroquin
604 2699 646 2732 de
669 2697 790 2740 priscis
813 2699 1030 2733 Cretensibus
1051 2701 1269 2733 Graecorum
1293 2702 1384 2744 apud
1408 2703 1500 2736 Tro-

113 2740 184 2774 iam
203 2741 440 2784 adiutoribus,
466 2745 576 2788 deque
600 2756 658 2788 pes
644 2748 694 2777 ete
717 2755 806 2787 quae
831 2746 874 2778 ob
893 2744 926 2778 id
952 2746 1002 2778 ins
990 2746 1103 2778 -ulam
1127 2746 1293 2779 divinitus
1317 2748 1465 2792 corripu
1461 2749 1498 2790 t,

113 2786 278 2840 legendus
309 2793 360 2822 est
382 2789 581 2824 Herodotus
606 2791 681 2824 v.11
715 2790 1029 2826 171.MA1.1)0
1060 2793 1166 2825 rebus
1191 2792 1334 2826 Creti‹is
1365 2794 1401 2827 in
1430 2795 1499 2827 hae

109 2832 254 2878 regione
273 2833 386 2880 egisse
395 2835 600 2872 Diodorum'
601 2841 746 2882 apparot
762 2836 868 2873 etiam
883 2848 924 2873 ex
944 2837 1152 2882 fragmentis
1164 2837 1354 2879 WaIeSIanis
1369 2850 1405 2884 p.
1417 2838 1498 2875 5⁸³4.
