1968 3346
439 244 498 289 22
665 242 963 286 EXCERPTA
992 240 1279 288 VATICANA
1312 243 1362 285 L.
1383 242 1473 285 V11.
1485 244 1590 284 -.-Χ
1598 295 1601 297 ,

443 353 629 425 ρηκότα,
669 351 821 408 λαβων
850 351 1110 409 υποχείριον
1137 351 1331 408 ἀφῆκεν,
1372 354 1744 411 ἐπιφθεγξάμενος
1774 353 1834 408 ὥς

445 410 678 468 συγγνώμη
708 411 920 465 τιμωρίας
950 409 1222 463 αἱρετωτέρα

548 492 713 533 XXIII.
741 483 841 532 “On
869 488 978 558 μέγα
1008 488 1122 531 ἐστὶν
1153 485 1206 531 οὐ
1237 486 1287 531 'vo'
1320 485 1552 543 δύναμιν
1538 487 1643 533 ότου
1673 489 1833 560 δηποτε
1845 504 1890 538 ΞΟ

446 551 563 603 σχεῖν
603 544 711 588 ἀλλὰ
739 544 788 588 τὸ
820 545 954 601 ταύτῃ
996 543 1180 595 δεόντως
1218 548 1421 600 χρῆσθαι.
1472 544 1561 588 ἐπεὶ
1597 549 1636 589 τί
1665 546 1834 617 ὄφελος

408 603 620 651 5Μίλωνι
660 605 722 659 τῷ
752 599 1040 658 Κροτωνιάτῃ
1079 602 1127 644 τὸ
1167 601 1350 657 μέγεθος
1387 604 1463 657 τῆς
1501 602 1601 659 περὶ
1630 603 1680 647 τὸ
1709 608 1835 660 σῶμα

448 658 619 718 ῥώμηςὶ

544 727 642 770 Ὀτι
671 724 936 780 Πολυδάμας
966 723 990 769 6
1014 723 1227 774 Θετταλός
1251 722 1338 769 ὑπὸ
1365 728 1441 781 τῆς
1470 724 1629 779 πέτρας
1658 726 1836 781 διαῤῥα,

445 784 534 840 γεὶς
574 787 709 826 πᾶσιν
751 783 922 838 ἐποίησε
954 780 1150 836 φανερόν
1192 780 1251 832 ὥς
1289 781 1525 838 ἐπισφαλές
1563 782 1681 826 ἐστιν
1710 782 1837 839 ἰσχὺν

449 838 641 897 μεγάλην
675 840 807 894 ε’,χειν
839 842 951 881 νοῦν
981 837 1025 880 ὁε
1053 838 1226 893 μικρόν.

392 919 467 961 10
549 906 649 950 ι’Ότι
678 911 767 949 τῶν
791 905 1012 960 Κιρραίων
1042 905 1431 960 πολιορκουμένων
1457 904 1600 949 πολυν
1629 905 1712 962 ἤδη
1741 905 1837 962 χρό-

446 980 529 1009 νον
560 963 632 1008 διά
663 962 711 1006 τὸ
744 961 791 1006 vd
816 961 1079 1017 χρηστήριον
1098 961 1324 1016 ἐπιχειρεῖν
1347 965 1486 1004 συλᾶν
1518 962 1631 1013 τινὲς
1651 963 1728 1018 μὲν
1748 967 1838 1006 τῶν

444 1019 679 1088 Ελλήνων
695 1021 754 1069 εἰς
792 1019 868 1067 τοὶς
907 1019 1120 1072 πατρίδας
1157 1019 1429 1086 ἐπανῆλθον,
1474 1020 1518 1061 οἱ
1547 1019 1593 1062 δὲ
1624 1018 1837 1077 ἐπερωτή-

450 1089 606 1127 σαντες
635 1075 713 1131 τὴν
744 1076 924 1118 Πυθίαν
956 1074 1112 1130 ἐλαβον
1141 1075 1337 1132 χρησμόν
1369 1073 1530 1126 οὕτως,

535 1142 590 1187 οὐ
619 1144 725 1198 πρὶν
753 1145 879 1197 τῆςδε
910 1140 1070 1196 πόληος
1102 1141 1288 1193 ἐρείψετε
1317 1140 1490 1212 πύργον
1520 1140 1689 1197 ἑλόντες

397 1209 449 1252 15
535 1202 641 1267 πρίν
669 1216 745 1243 κεν
775 1200 865 1253 {W
893 1197 1057 1253 τεμένει
1086 1197 1366 1248 κυανώπιδος
1391 1197 1668 1271 Ἀμφιτρίτης

534 1261 653 1312 κῦμα
682 1253 914 1310 ποτικλυζῃ
945 1255 1160 1297 κελαδοῦν
1191 1255 1376 1308 ιεραῖσιν
1405 1253 1474 1297 ἐπ’
1507 1254 1669 1306 ἀκταῖς.

561 1337 715 1378 XXIV.
743 1333 842 1378 Ὀτι
865 1334 1082 1387 Περίλαος
1104 1331 1128 1375 ὁ
1151 1329 1516 1386 ἀνδριαντοποιὸς
1542 1333 1758 1389 Φαλάριδι
1775 1338 1839 1395 τῷ

452 1392 660 1449 τυράννῳ
679 1388 1006 1441 κατασκευάσας
1023 1392 1138 1446 βοῦν
1157 1392 1349 1445 χαλκοῦν
1376 1389 1489 1446 πρὸς
1517 1393 1731 1447 τιμωρίαν
1747 1397 1838 1436 τῶν

587 1517 704 1556 221.
737 1511 1068 1558 ἐπιφθεγξάμενος]
1093 1514 1221 1559 incipit
1245 1514 1377 1548 codicis
1401 1527 1436 1559 p.
1454 1514 1536 1550 201.

586 1560 724 1599 2214.
759 1560 915 1618 ἐρίθετε]
944 1562 1090 1594 Codices
1106 1561 1180 1593 sive
1199 1561 1293 1605 apud
1318 1561 1521 1594 Aeschinem
1538 1561 1612 1593 sive
1630 1561 1724 1606 apud
1742 1563 1839 1595 Pan-

496 1610 630 1644 saniam
660 1610 796 1642 variant
827 1606 1010 1649 ἐρείψετε,
1046 1604 1233 1650 ἐῤῥίψετε,
1267 1603 1442 1650 ἐρίψατε,
1477 1604 1633 1650 ε’ρίψετε.
1680 1608 1840 1644 Priorem

494 1656 682 1690 lectionem
715 1655 756 1688 ab
790 1651 922 1697 ἐρείπω
956 1662 1076 1687 everto
1102 1661 1293 1699 prosterno
1317 1652 1355 1686 in
1380 1653 1674 1698 interpretatione
1698 1660 1839 1687 secutus

498 1714 583 1737 Sum.
619 1702 713 1733 MAI.

586 1746 723 1781 2215.
759 1739 782 1788 ἢ
808 1741 860 1787 ἐν]
892 1746 973 1777 Var
999 1745 1083 1778 lect.
1109 1755 1167 1790 γε,
1198 1754 1259 1786 τε,
1287 1741 1363 1778 καί.
1384 1744 1584 1790 MA1„qui
1608 1724 1753 1791 reliquit
1777 1757 1840 1780 co·-

495 1792 584 1826 dieis
610 1793 819 1847 sciipturam
835 1802 931 1832 πριν
954 1785 977 1832 ἢ
1002 1789 1052 1825 ἐν.

584 1837 722 1872 2215.
757 1834 832 1882 ἐμῷ
856 1834 1004 1879 τεμένει]
1032 1835 1280 1870 &sch-&2013
1301 1831 1444 1889 tspts'vq:
1476 1835 1574 1874 MAI.

587 1884 725 1917 22-16.
756 1871 1618 1939 ποτικλύζει]Ριιιιε.ΑοεοΙι.πο·ιικλυζῃ.ΜΑΙ.

585 1929 726 1963 2216.
763 1924 998 1986 ἱεραῖσινέπ’
1025 1924 1167 1970 οἷκταῖς]
1193 1931 1246 1962 lta
1262 1928 1369 1962 etiam
1392 1928 1520 1962 Aesch.
1552 1929 1622 1962 Sed
1641 1928 1735 1972 apud
1749 1928 1841 1963 Pau-

495 1975 629 2009 saniam
653 1975 806 2008 deterius
832 1972 893 2009 ἐπὶ
918 1973 1055 2008 οἴνοπα
1078 1971 1229 2007 πόντον.
1278 1973 1305 2005 Ε
1329 1974 1479 2007 laudatis
1513 1975 1716 2008 auctoribus
1741 1987 1841 2008 com-

496 2029 633 2067 pertum
659 2028 722 2062 est,
748 2023 926 2065 regionem
944 2021 1190 2053 cirthaeorum
1214 2019 1257 2052 ab
1279 2020 1596 2064 Amphictyonibus
1621 2022 1731 2054 fuisse
1751 2033 1840 2053 cou-

498 2075 689 2107 secratam,
725 2074 763 2099 ut
798 2068 849 2100 sic
881 2067 958 2110 ipsa
989 2067 1093 2099 aliam
1125 2066 1194 2099 iam
1219 2072 1321 2098 antea
1346 2077 1479 2098 sacram
1503 2067 1715 2110 attingeret,
1751 2077 1840 2110 quae

498 2120 576 2150 erat
589 2113 779 2155 maritima5
800 2113 954 2157 ideoque
973 2113 1135 2145 universa
1154 2124 1252 2145 sacra
1268 2112 1362 2144 facta
1378 2123 1472 2145 mare
1490 2113 1720 2158 contingere..
1745 2112 1839 2144 MAI.

542 2223 600 2257 22
625 2222 658 2263 2.
693 2223 795 2257 Hanc
812 2221 1037 2264 sententiam
1061 2223 1193 2266 absque
1215 2224 1377 2263 auctore,
1400 2221 1526 2256 recitat
1539 2221 1716 2255 Diodorus
1731 2220 1840 2256 etiam

451 2267 489 2303 in
510 2268 763 2303 hoeschelianis
788 2269 918 2313 eclogis
951 2246 1053 2301 editis
1076 2268 1137 2302 lib.
1160 2267 1253 2300 XXI.
1280 2268 1324 2309 8,
1358 2268 1549 2311 eademque
1573 2267 1665 2302 infra
1689 2268 1840 2302 recurrit

451 2315 489 2348 in
512 2315 679 2349 vaticanis
701 2316 828 2348 nostris
851 2314 1043 2357 excerptis..
1085 2314 1183 2346 MAI.
1217 2313 1256 2346 V.
1284 2326 1318 2356 p.
1340 2313 1396 2347 44.
1421 2314 1473 2348 ed.
1501 2315 1606 2346 Rom.

593 2360 659 2396 9.
694 2362 747 2393 De
762 2362 1016 2404 Polydamante
1032 2358 1210 2402 scripsisse
1224 2358 1418 2392 Diodorum
1435 2360 1682 2393 adfirmaverat
1693 2358 1840 2393 Tzetzes

451 2406 599 2440 chi1.11.
626 2406 705 2439 459.
729 2406 1034 2449 Atwesselingius
1058 2406 1100 2438 T.
1119 2406 1166 2438 II.
1192 2416 1222 2446 p.
1242 2405 1323 2438 640.
1347 2405 1436 2438 nihil
1455 2405 1624 2439 eiusmodi
1645 2405 1735 2448 apud
1758 2406 1840 2439 uio-

452 2452 577 2485 dorum
601 2452 797 2495 reperiens,
822 2454 956 2495 lapsum
979 2451 1150 2484 momoria
1168 2451 1330 2483 Tzetzem
1357 2451 1544 2491 iudicavit,
1570 2451 1652 2491 quia
1673 2452 1715 2483 de
1732 2452 1839 2494 Poly-

452 2498 617 2539 damante
640 2499 828 2541 loquuntur
852 2498 965 2541 potius
991 2496 1179 2530 Pausanias
1203 2497 1264 2530 VI.
1291 2496 1322 2530 5.
1347 2502 1380 2530 et
1404 2498 1540 2530 Suidas.
1575 2497 1839 2531 Nuncdemum

451 2543 633 2577 vaticanus
658 2543 897 2586 palimpsestus
921 2554 1082 2575 ver-anem
1107 2542 1272 2575 Tzetzem
1296 2543 1464 2576 declarat.
1512 2543 1631 2585 Ipsam
1654 2554 1738 2576 vero
1763 2554 1840 2575 sen-

453 2589 598 2622 tentiam
632 2589 752 2622 scribit
787 2590 892 2623 etiam
926 2589 1011 2621 alibi
1039 2589 1232 2629 Diodorus,
1270 2599 1395 2632 nempe
1426 2589 1469 2622 de
1499 2588 1674 2632 Dioxippo
1705 2591 1840 2632 pariter

455 2635 589 2668 athleta
611 2635 753 2677 loquens
776 2635 839 2669 lib.
860 2635 971 2668 XVII.
1000 2635 1077 2667 101.
1113 2634 1208 2668 MAI.

547 2680 685 2714 22.13.
727 2682 821 2725 Lege
853 2681 1065 2713 Pausaniam
1089 2680 1135 2714 X.
1170 2680 1237 2720 37;
1278 2680 1510 2713 Plutarchum
1542 2678 1579 2712 in
1615 2679 1745 2712 Solone
1768 2679 1838 2720 x1;

453 2726 671 2771 Polyaenum
695 2726 756 2760 III.
785 2728 828 2762 5:
854 2726 1058 2759 Aeschinem
1083 2729 1203 2758 contra
1226 2726 1316 2758 Ctes
1342 2726 1420 2759 112.
1455 2725 1554 2765 MAI.

546 2772 684 2805 22.17.
723 2773 886 2805 Perillam
917 2772 1036 2805 sciibit
1060 2771 1192 2804 Plinius
1215 2772 1374 2805 XXXIV
1409 2776 1490 2804 εει-,ι
1513 2771 1568 2805 19.
1601 2769 1709 2804 etsie
1733 2770 1839 2804 etiam

454 2816 739 2897 {JvidiffiAatque
762 2819 853 2862 Prop
857 2817 972 2853 ertias.
1017 2817 1087 2852 Sed
1121 2821 1236 2852 tamen
1270 2822 1303 2850 et
1340 2818 1497 2851 Perilaus
1527 2815 1715 2859 aliquando
1749 2817 1840 2861 legi-

472 2875 524 2896 ur.
653 2889 659 2895 .
