1968 3346
530 708 590 766 'A
637 703 692 764 Ι)
743 704 800 765 D
849 708 897 765 E
949 708 999 766 N
1045 708 1100 764 D
1151 709 1211 766 A

345 821 450 872 AD
495 821 914 872 EXCERPTA
961 819 1392 872 VATICANA.

289 1060 333 1104 P.
362 1068 474 1108 2.1.
531 1056 674 1119 ἔγωγε]
707 1057 782 1119 ἔγῶ
803 1080 863 1106 τοι
884 1078 975 1104 cum
996 1064 1166 1104 Eusebio
1183 1064 1463 1105 Theodoretus
1482 1062 1567 1107 vol.

175 1116 245 1161 iV.
276 1135 316 1173 p.
343 1125 438 1164 927.
470 1124 566 1164 961.
597 1122 688 1160 Sch.
722 1144 780 1151 —-
828 1126 893 1164 11.
926 1123 1060 1170 Quum
1092 1119 1238 1174 α’ρετῆς
1266 1123 1380 1162 sitin
1410 1124 1567 1174 codice,

173 1192 257 1218 uon
271 1180 576 1218 Eusebianum‘
558 1183 666 1229 ιερῆς
689 1179 759 1216 sed
777 1179 1081 1249 rescribendum
1106 1187 1165 1219 est
1192 1181 1345 1233 ἐρατῆς.

287 1237 329 1275 P.
360 1242 399 1279 3.
430 1241 468 1279 9.
526 1234 629 1291 γάρ]
669 1236 802 1275 Malim
843 1233 921 1291 γάρ
943 1233 1000 1305 ρ’.
1060 1235 1181 1284 Quod
1214 1240 1373 1276 ternum
1396 1235 1471 1276 rho
1508 1237 1569 1276 sic

172 1293 291 1345 ponit
321 1293 517 1333 Homerus
552 1294 663 1342 11.6‚
694 1297 791 1336 467.
830 1310 978 1344 νεκρον
1009 1292 1086 1348 γάρ
1116 1291 1157 1348 ῤ’
1188 1293 1371 1360 e’pfiovvpc.
1396 1316 1454 1324 ·-
1499 1298 1568 1337 13.

171 1350 460 1403 πρεσβυγενέας
488 1349 732 1389 Plutarchus
767 1351 849 1390 vol.
872 1351 944 1391 IX.
973 1365 1015 1404 Ρ.
1040 1354 1135 1395 155.
1169 1353 1217 1393 R.
1251 1366 1294 1393 se
1324 1351 1413 1406 ipse
1443 1352 1571 1392 corri-

170 1419 266 1458 gens
296 1407 339 1445 in
358 1408 440 1446 vita
465 1408 652 1461 Lyculgi.

286 1465 330 1503 P.
360 1468 398 1507 9.
431 1471 501 1509 22.
558 1467 625 1508 καὶ
655 1459 800 1519 γενεὰν
821 1461 942 1507 δώσει
962 1476 1048 1507 τοι·
1081 1459 1102 1508 ὅ
1135 1463 1177 1509 δὲ
1205 1461 1407 1521 πρότερόν
1435 1482 1481 1522 γε
1507 1481 1572 1509 κε·

169 1518 277 1563 λεύει
306 1523 480 1563 οἰκίσσαι
510 1536 554 1565 σε
581 1523 847 1562 Hermannus.

285 1579 328 1618 P.
365 1583 525 1624 10.13.
585 1576 772 1631 ἐμπόρων
799 1578 1066 1632 Συβαριτῶν]
1106 1572 1297 1632 εὐπόρων
1325 1581 1570 1634 Συβαριτῶν

171 1641 283 1674 recte
319 1637 485 1688 corrigit
508 1638 669 1677 Geelius
695 1636 886 1674 Biblioth.
923 1637 1009 1676 crit.
1039 1650 1168 1675 novae
1199 1638 1282 1676 vol.
1305 1637 1371 1678 [V.
1402 1652 1445 1690 p.
1468 1641 1569 1681 437.

172 1713 229 1721 ——
268 1692 378 1731 Idem
407 1708 445 1732 v.
472 1696 536 1738 15.
596 1692 770 1744 εἰληφώς
802 1694 863 1744 εἴη
888 1693 1019 1745 ῥῆγμα
1044 1707 1095 1732 ex
1124 1695 1215 1731 loco
1238 1695 1410 1744 Timaei,
1450 1708 1569 1746 quem

174 1749 297 1787 citavi
331 1750 371 1787 in
401 1751 505 1789 Add.
565 1750 628 1789 Ab
659 1750 821 1787 Timaeo
853 1756 986 1788 autem
1021 1764 1176 1788 omnem
1209 1751 1258 1789 de
1287 1751 1569 1803 Sybaritarum

172 1806 334 1843 luxurie
373 1808 642 1846 narrationem
682 1807 723 1844 in
767 1806 970 1845 Vaticanis
1013 1806 1314 1860 Valesianisque
1354 1807 1568 1862 Excerptis

170 1863 362 1915 scripkam
390 1865 508 1916 petiit
537 1864 751 1903 Diodorus.

285 1921 330 1959 Ρ.
365 1926 432 1963 11.
466 1927 531 1966 10.
589 1924 685 1962 Post
706 1917 938 1972 ἀποδημίαν
959 1919 1234 1960 oblitteratum
1256 1921 1429 1962 fortasse
1457 1922 1566 1977 μίαν.

285 1979 330 2018 Ρ.
365 1983 429 2022 12.
461 1984 501 2023 9.
561 1994 610 2022 συ
642 1980 895 2018 Hermannus
925 1978 994 2016 ubi
1024 1992 1094 2029 ego
1125 1977 1183 2019 τὸ

286 2037 331 2076 Ρ.
366 2042 430 2080 13.
463 2042 502 2081 3.
560 2035 1130 2088 annotationipraefigendum
1150 2033 1334 2088 ’Έντιμε,
1363 2049 1448 2076 non
1472 2032 1571 2078 ''·Ev

170 2107 296 2144 τιμος.
328 2115 384 2122 -
422 2098 461 2137 6
493 2094 598 2149 Γέλᾳ
630 2089 923 2146 συνομώνυμον
962 2089 1072 2151 ἁγνῷ
1101 2090 1366 2134 Hermannus.
1392 2114 1453 2126 ·-
1496 2097 1566 2139 11.

170 2149 320 2191 velum
352 2157 413 2190 est
441 2152 484 2194 δέ
513 2167 578 2195 σοι
605 2153 672 2192 vel
701 2151 744 2193 δέ
769 2167 843 2192 τοι.

284 2209 833 2261 P.14.16.1nterpunge
863 2212 959 2259 post
983 2200 1185 2259 Ἀνδρέας.

285 2267 327 2307 P
363 2271 427 2310 16.
459 2271 497 2310 9.
528 2264 708 2320 τουτων]
740 2264 913 2306 Σόλωνα
934 2264 1105 2303 Geelius.
1128 2261 1174 2303 V.
1204 2270 1339 2304 annot.
1361 2264 1410 2304 ad
1433 2279 1474 2318 p.
1497 2263 1567 2308 25.

174 2326 241 2366 12.
272 2322 444 2366 Σόλωνα
473 2331 584 2364 reete
614 2325 784 2363 sortasse
812 2322 1005 2360 addetur:
1039 2318 1195 2363 τούτων
1220 2336 1304 2361 non
1335 2320 1567 2364 deleverim

171 2401 229 2411 -—
259 2385 326 2423 22.
356 2381 649 2449 πυθομένους]
679 2382 725 2420 V.
753 2386 889 2418 annot.
918 2378 970 2416 ad
999 2379 1100 2419 Exc.
1122 2376 1274 2418 Valesii
1302 2393 1344 2432 Ρ.
1366 2383 1465 2424 567.
1498 2383 1568 2421 13.

362 2442 427 2482 18
457 2440 497 2482 4.
555 2435 692 2492 λόγοις
729 2443 961 2489 suspectum
1004 2448 1091 2475 esse
1128 2438 1271 2489 possit.
1296 2459 1356 2468 —-
1411 2440 1453 2482 6.
1482 2437 1567 2479 ἔτει-

169 2439 342 2549 βουλῆὶς]
376 2497 514 2536 Scribe
546 2495 759 2560 ἐπιβολῆς.
789 2494 860 2534 etsi
891 2492 989 2530 illud
1023 2500 1082 2532 est
1110 2498 1241 2546 Ρ.23.
1274 2498 1344 2537 11·

285 2552 327 2594 P.
361 2557 430 2595 21.
462 2559 502 2597 2.
559 2551 606 2592 In
635 2553 812 2604 margine
843 2548 946 2589 adde
979 2549 1046 2593 19.

285 2610 328 2648 P·
360 2614 427 2652 26.
457 2616 496 2655 3.
555 2608 827 2678 δικαιότερον]
859 2608 994 2646 Malim
1027 2603 1294 2649 δικαιότατον.

285 2662 772 2721 Ρ.27.13.απεβαλετο
803 2669 975 2705 sonasse
999 2665 1188 2716 eclogarii
1211 2671 1281 2704 est.
1332 2661 1567 2702 Eustathius

173 2723 224 2762 ad
254 2724 300 2762 Il·
332 2739 372 2776 p.
397 2728 518 2767 1166.
539 2724 606 2768 25
638 2722 708 2766 ότε
738 2722 805 2764 καὶ
833 2720 903 2765 τὸν
921 2718 1014 2763 υἱὸν
1029 2720 1197 2775 Ἴκαρον
1216 2717 1439 2774 ἆπεβαλετο
1460 2737 1567 2772 συμ-

173 2777 396 2835 φεύγοντα,
429 2783 499 2833 qui
530 2789 568 2821 et
598 2779 1005 2835 συμβουλευσαμένη,
1041 2780 1092 2821 de
1123 2792 1203 2834 quo
1235 2778 1322 2820 dixi
1350 2791 1393 2832 Ρ.
1415 2779 1484 2822 57
1510 2781 1568 2831 7.,

172 2852 248 2891 pro
279 2839 409 2879 actixo
439 2841 556 2892 ponit
583 2853 623 2893 p.
651 2843 772 2883 1169.
802 2839 873 2882 50.
