1968 3346
376 243 678 286 EXCERPTA
707 239 1138 284 HOESCHELIANA
1166 240 1214 281 L.
1256 239 1370 282 XXI.
1516 243 1572 284 15

179 358 255 402 καὶ
293 360 386 407 τοῖς
424 354 648 422 πολεμίοις
686 349 796 395 κατὰ
840 349 986 394 νώτου
1026 353 1308 403 προςπεσεῖν·
1348 347 1480 401 αὐτὸς
1521 351 1568 394 δὲ
1597 354 1654 398 35

181 413 272 486 τήν
292 412 484 467 δύναμιν
523 409 701 460 ἐκτάξας
729 407 841 451 κατα
875 407 1015 461 στόμα
1041 405 1224 462 οἷπήντα
1264 407 1498 463 γενομένης
1521 407 1569 451 δὲ

180 470 277 525 περὶ
307 469 355 514 τὸ
384 470 565 525 ῥεῖθρον
595 465 880 536 ἱππομαχίας,
925 462 1014 519 α’μα
1042 463 1116 505 καὶ
1145 466 1234 505 τῶν
1263 467 1404 515 πεζων
1431 481 1569 519 παρα-

181 526 339 579 τάξεως
368 529 448 568 τοῦ
479 521 690 593 βασιλέως
718 502 1151 587 προκατειληφότων
1163 516 1311 574 ὀφρύν
1339 536 1440 562 τινα
1468 521 1567 576 περὶ

182 583 261 627 τὸν
289 579 525 649 ποταμόν,
531 579 605 622 καὶ
635 577 715 633 τὴν
745 576 972 630 εὐκαιρίαν
1001 580 1084 619 τοῦ
1101 573 1240 618 τόπου
1263 580 1570 620 πλεονεκτοῦν-

115 655 277 692 ὄοςτος,
309 638 445 708 μέχρι
474 635 555 691 μέν
583 651 701 684 τινος
732 635 984 703 ἰσόῤῥοπος
995 635 1052 687 ἠν
1090 631 1113 676 6
1143 634 1367 682 κίνδυνος
1401 633 1491 676 ἐπεὶ
1523 634 1570 676 δὲ
1599 632 1655 675 40

60 700 62 704 ’
185 699 229 740 οἱ
269 694 348 738 τόν
387 692 533 748 λόφον
572 690 874 760 περιελθόντες
914 689 1156 744 ἐπέῤῥαξαν
1194 688 1451 743 παραδόξως
1481 695 1573 740 τοῖς

183 752 505 819 Μαμερτίνοις,
550 748 623 791 καὶ
654 752 819 797 νεαλεῖς
849 746 970 796 ὄντες
999 745 1105 796 τούς
1134 744 1382 799 κάμνοντας
1411 749 1468 815 τῇ
1493 746 1572 800 μά-

181 826 235 866 χη
256 809 441 877 ῥᾳδίως
481 804 700 861 οἶνηρουν,
742 820 837 846 τοτε
879 803 932 857 δή
962 800 1240 857 πανταχόθεν
1268 801 1570 853 κυκλωθέντες
1635 851 1640 862 Ι

182 863 293 932 πρὸς
318 862 466 932 φυγὴν
488 861 710 931 ὥρμησαν.
740 861 1022 915 επικειμένων
1051 863 1140 901 τῶν
1167 861 1464 913 Συρακοσίων
1495 861 1569 902 δυ·
1632 866 1637 874 ’

184 921 338 977 νάμει,
371 936 537 969 παντας
566 917 825 968 κατέκοψαν.
856 917 879 960 6
921 916 966 959 ὁε
996 915 1236 987 στρατηγός
1264 920 1352 958 τῶν
1381 919 1574 970 Μαμερ-
1604 915 1660 958 45

184 979 321 1021 τίνων
361 974 680 1032 αγωνιζόμενος
720 973 944 1028 ἐκθύμως,
992 974 1066 1016 καὶ
1106 972 1355 1029 περιπεσων
1392 976 1574 1022 πολλοῖς

184 1033 406 1089 τραύμασι
443 1034 517 1075 καὶ
546 1030 880 1103 λιποψυχήσας,
930 1027 1168 1086 εζωγρήθη.
1208 1031 1336 1079 οὗτος
1375 1028 1574 1083 ανεκομί-

185 1097 285 1159 σθη
301 1090 506 1145 ε’μπνους
521 1089 580 1139 εἰς
619 1087 700 1144 τήν
729 1091 812 1130 τοῦ
841 1087 1053 1144 βασιλέως
1085 1085 1364 1142 παρεμβολὴν
1393 1086 1467 1129 καὶ
1496 1101 1574 1128 πα-

185 1145 351 1203 ρεδόθη
390 1148 555 1199 ἰατροῖς
592 1146 652 1195 εἰς
689 1146 946 1199 θεραπείαν,
988 1143 1098 1187 κατα
1137 1143 1233 1212 τὴν
1254 1144 1487 1212 μαντείαν
1499 1142 1573 1185 καὶ
1603 1140 1658 1183 50

183 1205 265 1260 τὴν
293 1207 384 1246 τῶν
424 1201 697 1257 ἵεροσκόπων
736 1201 998 1270 πρόῤῥησιν
1022 1198 1393 1253 νυκτερεύσαντος
1431 1198 1573 1242 αὐτοῦ

185 1263 247 1311 εἰς
275 1261 353 1316 τὴν
383 1264 471 1303 τῶν
500 1259 708 1302 ἐναντίων
745 1256 1040 1314 παρεμβολήν.
1072 1261 1151 1300 τοῦ
1183 1257 1394 1317 βασιλέως
1426 1257 1471 1299 δὲ
1501 1255 1573 1298 θέ-

185 1323 342 1367 λοντος
374 1316 472 1385 περὶ
509 1319 677 1358 πολλοῦ
709 1319 979 1370 θεραπεῦσαι
1016 1313 1095 1358 τόν
1117 1317 1272 1387 Κίων,
1311 1312 1422 1368 ἡκόν
1461 1328 1575 1362 τινες

186 1376 348 1424 ι’ππους
394 1374 603 1443 φέροντες
653 1372 698 1415 ἐκ
737 1376 816 1415 τοῦ
855 1372 1050 1427 πολέμου
1090 1373 1151 1422 εἰς
1189 1370 1268 1414 τόν
1309 1369 1502 1440 βασιλέα.
1547 1366 1571 1411 ὁ

186 1433 307 1481 Κίως
337 1429 382 1473 δε
412 1429 618 1483 ἐπιγνους
646 1428 725 1472 τὸν
753 1432 834 1472 τοῦ
874 1431 989 1471 ἰδίου
1020 1429 1123 1471 υἱοῦ
1155 1429 1315 1479 ἵππον,
1355 1426 1572 1482 ὑπέλαβεν
1602 1429 1657 1473 55

188 1486 437 1544 ἀνῃρῆσθαι
456 1485 536 1528 τὸν
555 1487 802 1529 νεανίσκον.
818 1485 1053 1540 περιαλγής
1075 1483 1367 1539 ὅεγενόμενος
1390 1501 1467 1533 τας
1488 1484 1575 1539 ῥα-

189 1546 276 1600 φὰς
310 1547 399 1587 τῶν
426 1542 689 1611 τραυμάτων
716 1544 922 1597 διεῤῥηξε,
950 1542 1029 1597 τὴν
1061 1541 1281 1584 απώλειαν
1306 1545 1387 1583 τοῦ
1417 1540 1575 1583 τέκνου

188 1599 370 1657 θανατῳ
399 1600 700 1669 τιμησάμενος
734 1601 777 1642 οἱ
808 1599 852 1642 &a
884 1603 1186 1653 ΝΙαμερτινοι,
1219 1596 1481 1653 ἀπαγγελίας
1509 1612 1578 1652 γε·

177 1658 376 1712 -νομένης
407 1657 474 1699 ὅτι
505 1658 589 1699 σύν
619 1660 678 1698 τῶ
703 1660 937 1722 στρατηγῷ
968 1658 1062 1712 Κίῳ
1096 1656 1170 1698 καὶ
1201 1657 1244 1697 οἵ
1273 1656 1419 1697 λοιποὶ
1451 1666 1578 1706 στρα-

191 1718 342 1757 τιώται
372 1728 528 1763 παντες
560 1700 852 1764 απολωλασιν,
885 1713 1060 1765 ε’κριναν
1086 1709 1180 1766 μεθ’
1203 1713 1419 1766 ἱκετηρίας
1447 1726 1582 1752 απαν-
1605 1712 1660 1751 60

191 1775 273 1813 τᾶν
301 1774 362 1828 τῷ
377 1773 569 1838 βασιλεῖ.
602 1768 654 1811 οὐ
686 1786 773 1824 μην
802 1768 828 1824 ἡ
868 1768 974 1823 τύχη
1013 1770 1128 1811 εἴασε
1166 1773 1389 1817 παντελῶς
1429 1772 1576 1810 πεσεῖν

191 1843 244 1869 τα
282 1843 391 1868 κατα
420 1827 730 1881 [Μαμερτίνους
756 1824 1012 1893 πράγματα.
1076 1823 1275 1880 Ἀννίβας
1312 1841 1394 1879 γαρ
1434 1823 1457 1867 6
1488 1839 1578 1866 των

191 1884 512 1950 Καρχηδονίων
552 1880 790 1936 στρατηγός
830 1883 978 1937 ε’τυχεν
1019 1878 1171 1938 ὁριιῶν
1209 1881 1255 1924 ἐν
1293 1885 1346 1938 τῆ
1376 1880 1579 1936 Λιπαρας

191 1939 326 1998 νησω.
365 1937 559 1989 ἀκούσας
599 1939 644 1981 ὸὲ
683 1938 731 1982 τό
763 1938 1039 1992 παράδοξον,
1081 1940 1159 1994 ἡκε
1199 1954 1311 1981 κατα
1351 1955 1481 1993 ταχος
1519 1939 1578 1986 εἰς
1608 1934 1663 1978 65

193 1996 272 2039 τὸν
304 1996 497 2066 βασιλέα,
527 1999 587 2054 τῷ
615 2011 694 2050 μεν
717 1994 832 2051 λόγῳ
857 1998 1119 2050 συγχαίρων,
1149 2012 1208 2050 τῳ
1236 1995 1280 2038 δὲ
1311 1995 1421 2064 ε’ργῳ
1453 1993 1580 2037 σπεύ-

195 2055 286 2096 δων
315 2053 392 2096 τὸν
416 2041 592 2107 Ιέρωνα
621 2058 1026 2121 καταστρατηγῆσαι
1061 2052 1113 2095 δι’
1137 2068 1314 2107 απατης.
1339 2051 1361 2095 6
1374 2052 1471 2119 μὲν
1502 2053 1582 2104 βα-

196 2108 340 2160 σιλευς
368 2110 561 2159 πεισθεὶς
589 2114 649 2166 τῷ
674 2111 850 2152 Φοίνικι
879 2109 956 2160 τας
984 2108 1164 2166 ἡσυχίας
1195 2109 1330 2164 ε’·σχεν
1364 2106 1386 2151 6
1420 2109 1465 2151 δε
1492 2107 1583 2150 'Av-

193 2168 321 2223 νίβας
349 2165 584 2219 παρελθών
615 2167 675 2217 εἰς
704 2165 966 2236 Μεσσήνην,
1005 2167 1078 2209 καὶ
1109 2164 1368 2218 καταλαβών
1397 2169 1582 2220 Μαμερ-

194 2225 342 2273 τίνους
370 2224 603 2278 μέλλοντας
631 2223 929 2276 παραδιδόναι
949 2240 1039 2294 την
1067 2223 1215 2274 πόλιν,
1258 2222 1476 2273 ανέπεισε,
1508 2221 1583 2264 καὶ
1611 2220 1666 2260 70

196 2279 598 2349 προςποιησάμενος
624 2280 844 2349 βοήθειαν
874 2279 1094 2336 εἰςηγαγεν
1124 2282 1183 2331 εἰς
1206 2278 1287 2350 τὴν
1307 2277 1435 2322 πόλιν
1458 2291 1584 2332 στρα-

198 2337 383 2387 τιώτας.
405 2335 481 2393 μ.
517 2339 561 2380 οἱ
589 2353 674 2405 μεν
700 2340 783 2381 οὐν
813 2341 1088 2392 Μαμερτῖνοι
1118 2335 1385 2407 ἀπογνόντες
1415 2336 1585 2378 ἑαυτῶν

200 2391 274 2436 δια
312 2409 392 2447 την
433 2394 565 2463 ᾑτταν
614 2392 747 2437 παλιν
788 2393 1198 2449 απεκατεστάθησαν
1239 2395 1297 2443 εἰς
1341 2392 1583 2460 οἷσφαλειαν

199 2448 279 2491 τὸν
305 2450 530 2504 εἰρημένον
550 2450 726 2504 τρόπον.
748 2449 769 2493 6
801 2451 846 2494 δε
872 2451 1019 2505 Ιέρων
1039 2449 1466 2506 καταστρατηγηθεὶς
1495 2447 1583 2491 ὑπὸ
1613 2441 1668 2484 75

201 2509 282 2548 τοῦ
316 2509 543 2560 Φοίνικος,
583 2507 663 2563 τὴν
693 2510 953 2578 πολιορκίαν
989 2506 1206 2563 απογνοὺς
1247 2507 1492 2574 ἐπανῆλθεν
1528 2506 1588 2555 εἰς

202 2561 468 2617 Συρακόσας
489 2595 500 2616 ,
563 2565 826 2621 περιβόητον
897 2563 1131 2621 εὐημερίαν
1183 2561 1585 2619 περιπεποιημένος.

344 2664 402 2698 87.
439 2664 692 2710 παρατάξεως]
719 2666 757 2701 ἐκ
780 2666 960 2711 προςταξε
963 2679 1012 2707 ως
1034 2666 1119 2701 Βείε
1121 2667 1199 2701 Idus

296 2710 379 2746 500.
400 2712 455 2745 -10-
483 2712 560 2748 ἐπεὶ
585 2713 624 2748 δε
651 2714 687 2748 οὶ
712 2714 985 2759 Wesselingius,
1010 2711 1071 2748 ἐπι
1096 2713 1135 2748 δε
1160 2715 1197 2748 Η
1290 2710 1347 2745 41.
1365 2708 1589 2769 περιελθόν-

204 2768 263 2799 τες
286 2757 370 2791 Rei
363 2758 450 2791 kius
462 2784 471 2800 ‚
498 2758 712 2800 διελθόντες
734 2762 770 2794 11
910 2760 968 2793 46.
994 2757 1168 2805 ἐκθύμως
1192 2758 1379 2799 Reislcffls,
1413 2757 1591 2798 εκουσίως

205 2804 244 2836 H
358 2804 414 2838 47.
440 2802 631 2852 ἐζωγρήθη
652 2807 784 2847 Rhod,
808 2807 897 2851 διωγ
878 2819 944 2852 γηρ
925 2805 1002 2850 ήθη
1021 2807 1058 2840 H
1161 2806 1217 2841 5⁰.
1237 2818 1263 2839 π
1266 2803 1440 2861 ρόῤῥησιν
1458 2805 1590 2845 Rhod„

206 2847 454 2904 πρόςρησινῌ
570 2852 627 2886 64.
651 2850 750 2898 νήσῳ
774 2832 904 2894 ’Rhod.‚
928 2851 1056 2908 νήσοις
1078 2853 1115 2885 ΙΙ
1209 2851 1266 2885 72.
1266 2818 1335 2895 ριί]
1357 2850 1591 2898 ssReiskius,

207 2895 271 2932 alii
293 2898 395 2934 aliter
502 2897 560 2934 77.
585 2896 783 2946 εὐημερίαν
807 2899 924 2936 Rhod.
917 2923 939 2942 .‚
963 2896 1145 2947 αημερίαν
1169 2899 1206 2934 Π
1223 2902 1258 2934 et
1276 2903 1380 2934 antea
1402 2895 1592 2944 ἐπανῆλθε
