1968 3346
990 732 1038 778 L.
1096 736 1266 779 XXI.

504 877 644 953 Οτι
685 912 962 966 Πτολεμαῖος
991 909 1051 966 [ὁ]
1087 913 1161 956 καὶ
1206 913 1419 964 Σέλευκος
1457 914 1532 957 καὶ
1565 915 1874 975 Λυσίμαχος42

436 975 726 1043 συνέδραμον
746 973 812 1017 ἐπ’
840 972 1091 1042 Ἀντίγονον
1127 973 1208 1017 τόν
1240 975 1420 1030 βασιλέα
1450 974 1532 1031 οὐχ
1562 976 1700 1027 οὕτως
1728 979 1816 1023 ὑπὸ

435 1035 512 1086 τῆς
552 1031 662 1085 πρὸς
700 1023 915 1086 αλλήλους
951 1028 1125 1081 εὐνοίας
1158 1032 1477 1087 προκληθέντες
1518 1032 1577 1083 ὥς
1609 1031 1700 1077 υπὸ
1736 1038 1819 1078 τοῦ

434 1088 544 1130 καθ’
574 1087 760 1138 ἑαυτοὺς
780 1087 927 1143 φόβου
952 1090 1379 1143 συναναγκασθέντες
1399 1088 1610 1145 ὥρμησαν
1637 1090 1819 1148 ἑτοίμως

405 1145 543 1200 5πρὸς
570 1149 659 1187 τῶν
689 1143 803 1188 ὅλων
832 1146 1159 1198 κοινοπραγίαν.

536 1201 643 1244 ‘'Ou
665 1204 708 1244 οἱ
727 1201 962 1270 ἐλέφαντες
993 1202 1035 1242 οἱ
1059 1199 1309 1269 Ἀντιγόνου
1337 1202 1410 1244 καὶ
1430 1201 1687 1273 Λυσιμαχου
1705 1203 1817 1247 κατὰ

430 1275 512 1314 την
541 1256 682 1314 μάχην
700 1256 974 1328 ἠγωνίζοντο
1005 1274 1063 1307 ως
1092 1256 1146 1300 ἂν
1174 1262 1250 1313 τῆς
1281 1257 1456 1313 φύσεως
1480 1259 1720 1314 ἐφάμιλλον
1749 1263 1817 1304 δε·

432 1317 625 1364 δωκυίας
657 1313 803 1365 αυτοῖς
834 1315 911 1369 τὴν
942 1312 1080 1384 ἄλκην
1110 1331 1182 1357 και
1213 1316 1325 1368 βίαν.

531 1371 638 1414 “On
676 1371 893 1421 Σέλευκος
939 1386 1045 1427 μετα
1079 1370 1159 1426 τὴν
1197 1373 1410 1424 διαίρεσιν
1450 1374 1526 1426 τῆς
1561 1370 1815 1428 Ἀντιγόνου

377 1430 654 1484 Ῑοβασιλείας
689 1426 921 1483 ἀναλαβών
957 1445 1044 1497 την
1067 1428 1257 1483 δύναμιν
1284 1427 1540 1483 παρεγένετο
1572 1430 1631 1478 εἷς
1667 1432 1814 1473 Φοινί-

430 1501 513 1540 κην
550 1485 624 1527 καὶ
661 1485 902 1540 ἐπεχείρησε
940 1484 1049 1527 κατὰ
1087 1502 1165 1535 τας
1201 1485 1437 1540 γενομένας
1476 1483 1708 1554 συνθήκας
1730 1485 1814 1557 την

427 1544 584 1612 κοίλην
608 1543 782 1596 Συρίαν
811 1544 1134 1585 ίόιοποιεῖσθαι.
1144 1541 1568 1612 προκατειληφότος
1590 1542 1636 1584 δὲ
1660 1541 1736 1592 τὰς
1765 1559 1814 1586 εν

429 1597 543 1667 αὕτη
583 1597 731 1648 πόλεις
769 1600 1046 1653 Πτολεμαίου
1085 1598 1159 1642 καὶ
1197 1603 1550 1667 κατηγοροῦντος
1577 1615 1646 1641 οτι
1682 1601 1814 1656 φίλος

429 1653 494 1699 ὠν
530 1655 749 1706 Σέλευκος
786 1670 917 1709 προςε
901 1654 1070 1706 &figam
1108 1654 1188 1711 τὴν
1224 1653 1311 1699 υπὸ
1353 1658 1632 1712 Πτολεμαῖον
1668 1657 1813 1700 οὖσαν

564 1780 621 1815 46.
650 1781 680 1814 1.
713 1776 785 1824 ότι]
809 1781 936 1835 incipit
961 1781 1137 1825 codicisp
1142 1780 1246 1834 {265-

564 1826 620 1861 46.
649 1828 680 1860 1.
714 1827 776 1861 καὶ
801 1819 834 1870 o]
868 1829 962 1860 Male
986 1828 1022 1860 in
1056 1793 1137 1861 codp
1160 1822 1180 1862 ὁ
1211 1824 1287 1861 καὶ.
1334 1825 1442 1860 Immo
1469 1827 1632 1862 omittere
1654 1835 1811 1874 praestat

472 1874 577 1908 etiam
605 1869 638 1907 ὁ.
678 1875 775 1907 MAI.

563 1918 620 1954 46.
645 1918 678 1953 4.
714 1916 1087 1962 ovvcechnoeafflvzsg]
1114 1915 1429 1962 συναγκασθέντες
1451 1920 1506 1953 ed.
1531 1921 1632 1954 Rom.

562 1965 618 2000 46.
643 1967 676 1999 6.
702 1967 735 2000 7.
767 1963 974 2009 Ἀντιγόνου
1009 1965 1072 1999 καὶ
1096 1964 1312 2018 Λυσιμάχου
1336 1963 1432 1999 κατ-ἃ
1454 1961 1523 2011 τὴν
1545 1964 1680 2011 μάχην]
1713 1963 1809 2002 κατὰ

469 2009 538 2056 τήν
561 2009 682 2056 μα’χην
704 2008 914 2056 Ἀντιγόνου
938 2010 1000 2045 καὶ
1023 2009 1240 2056 Λυσιμάχου
1266 2013 1320 2045 ed.
1337 2014 1439 2046 Rom

515 2122 630 2158 46.1.
665 2124 765 2168 Quae
788 2127 975 2180 sequuntur
997 2124 1201 2168 fragmenta
1223 2125 1317 2158 recte
1340 2134 1362 2157 a
1384 2135 1441 2157 me
1465 2120 1667 2157 collocari‘
1654 2134 1690 2157 ιιι
1715 2122 1808 2158 libro

422 2166 528 2212 XXI,
561 2170 625 2203 etsi
660 2172 756 2204 nulla
781 2171 831 2204 rei
856 2170 984 2203 mentio
1016 2171 1055 2203 fit
1079 2171 1114 2204 in
1138 2170 1301 2203 vaticano
1323 2170 1570 2212 palimpsesto,
1602 2169 1720 2203 statim
1747 2180 1807 2203 co-

419 2196 581 2259 gnosdet,
615 2217 674 2259 qui
698 2217 944 2249 hoesclieliana
976 2228 1039 2248 nec
1064 2227 1133 2249 non
1156 2216 1335 2249 valesiana
1367 2215 1473 2248 huius
1497 2215 1580 2248 libri
1603 2216 1808 2259 fragmenta

420 2272 500 2294 cum
524 2261 580 2294 his
604 2261 741 2295 ineditis
764 2262 936 2295 vaticanis
961 2263 1125 2296 conferet.
1163 2262 1311 2305 (Eadem
1336 2273 1402 2305 ego
1427 2262 1550 2304 regula
1574 2260 1609 2293 in
1633 2261 1808 2304 sequenti-

420 2307 486 2340 bus
510 2318 645 2350 quoque
668 2308 766 2341 libris
797 2308 1016 2350 disponendis
1047 2309 1158 2350 utar.)
1206 2308 1249 2340 Et
1282 2308 1422 2349 quidem
1445 2307 1619 2340 Diodorus
1641 2306 1807 2352 vigesimi

419 2352 502 2386 libri
517 2354 678 2386 extremis
702 2354 818 2387 verbis
837 2354 897 2393 ait,
922 2366 958 2387 se
977 2365 1102 2398 regum
1126 2355 1169 2386 de
1192 2361 1328 2387 summa
1351 2365 1389 2386 re
1412 2354 1576 2387 adversus
1594 2353 1806 2397 Antigonum

419 2404 595 2432 certamen
627 2399 725 2433 initio
759 2400 930 2442 sequentis
964 2400 1047 2433 libri
1075 2400 1304 2442 scripturum3
1337 2410 1427 2442 quae
1448 2410 1568 2442 reapse
1591 2400 1745 2432 narratio
1767 2399 1805 2433 in

418 2444 476 2478 his
500 2445 669 2479 vaticanis
692 2445 847 2488 reliquiis
859 2470 868 2488 ,
905 2451 1073 2488 quatenus
1097 2457 1175 2480 eam
1199 2445 1377 2490 eclogario
1402 2455 1541 2480 servare
1564 2444 1716 2488 placuit,
1745 2455 1804 2479 oc-

418 2488 669 2524 currit.MA1.

510 2537 566 2570 46.
590 2536 624 2570 4.
668 2537 728 2570 Sic
751 2537 907 2579 loquitur
935 2536 1041 2570 etlam
1064 2537 1285 2582 Porphyrius
1320 2537 1356 2570 in
1392 2536 1462 2570 suis
1493 2531 1681 2579 deperditis
1714 2544 1803 2569 nunc

416 2582 573 2616 historiis
604 2584 696 2626 apud
722 2581 1044 2618 Euseb.cl1r0n.1.
1074 2583 1131 2617 40.
1178 2585 1274 2629 Lege
1305 2583 1412 2617 etiam
1434 2582 1625 2616 Diodorum
1647 2585 1804 2617 nostrum

417 2628 495 2663 XX.
520 2629 608 2668 106,
633 2633 667 2662 et
688 2628 898 2662 Pausaniam
922 2629 949 2662 I.
978 2629 1011 2662 6.
1043 2630 1140 2663 MAI.

509 2674 565 2709 46.
590 2675 624 2709 8.
662 2677 715 2708 De
738 2676 1002 2718 elephantorum
1026 2675 1196 2717 peculiari
1219 2673 1374 2708 sollertia
1395 2674 1496 2718 lege,
1527 2672 1559 2707 si
1581 2677 1708 2716 vacat,
1744 2674 1803 2708 ci-

418 2732 579 2755 ceronem
605 2721 676 2763 epis
662 2726 701 2754 t.
728 2722 814 2753 fam.
841 2721 913 2753 ΙΙΙ.
942 2721 981 2760 1;
1007 2724 1081 2754 tum
1105 2733 1194 2763 quae
1217 2718 1327 2754 fusius
1352 2721 1510 2753 dicuntur
1533 2730 1556 2753 a
1585 2719 1698 2753 Dione
1718 2720 1801 2755 cas-

416 2768 469 2804 sio
494 2768 657 2801 XXXIX.
681 2767 746 2806 38,
774 2771 806 2799 et
830 2767 874 2799 ab
899 2745 1043 2800 eruditis
1065 2767 1195 2800 ibidem
1218 2767 1475 2810 interpretibus.
1510 2766 1608 2800 MAI.

509 2814 647 2849 46.13.
688 2794 830 2846 Scilicet
856 2812 931 2857 ipse
956 2813 1129 2846 Diodorus
1163 2813 1227 2847 sub
1261 2813 1360 2857 viges
1357 2814 1424 2847 imi
1455 2813 1537 2846 libri
1561 2812 1665 2846 finem
1697 2820 1801 2847 occu-

417 2867 518 2906 patas
541 2873 563 2897 a
587 2860 787 2896 Ptolemaeo
811 2859 1032 2905 Goelesyriae
1054 2860 1157 2895 urbes
1179 2859 1252 2895 iam
1274 2864 1487 2896 narraverat
1525 2858 1625 2893 MAI.
