1968 3346
363 241 665 284 EXCERPTA
691 229 1073 282 LEGATIONVM
1101 240 1149 280 L.
1179 239 1497 281 x.-xxvl11.
1557 245 1641 287 163

243 354 412 424 ἔχοντες
441 352 516 396 καὶ
546 352 722 408 φιλίαν,
753 349 838 395 άπὸ
866 349 1026 408 ταύτης
1052 353 1126 406 τῆς
1154 351 1292 402 αἰτίας
1322 353 1381 403 εἰς
1411 354 1634 411 διαφορὰν
1663 362 1719 403 30

241 411 520 481 κατέστησαν.

347 467 446 510 ΓὈτι
477 463 721 520 Καμβύσου
749 465 833 507 τοῦ
863 466 1051 516 Περσων
1080 462 1290 518 βασιλέως
1318 465 1634 521 κυριεύσαντος
1690 476 1718 515 2

243 523 385 579 πάσης
414 522 651 592 Αἰγύπτου,
682 520 790 574 πρὸς
818 524 981 563 τοῦτον
1012 521 1056 562 οἵ
1084 522 1245 574 Λιβυες
1274 522 1347 563 καὶ
1368 525 1629 579 Κυρηναῖοι,
1660 532 1716 574 35

242 577 655 635 συνεστρατευκότες
684 582 777 628 τοῖς
805 578 1087 648 Αἰγυπτίοις,
1119 576 1377 621 ἀπέστειλαν
1407 582 1528 636 δῶρα
1556 585 1633 628 καὶ

240 639 290 682 τὸ
319 636 696 694 προςταττόμενον
727 633 929 691 ποιήσειν
957 633 1280 690 ἐπηγγείλαντο.

787 719 810 747 *
922 748 946 777 *
1060 719 1082 745 *

340 805 441 849 ’Ότι
483 805 529 849 οἷ
565 803 688 859 παρὰ
718 803 928 877 Νάβιδος
958 803 1034 847 και
1070 803 1316 858 Φλαμινίου
1357 804 1632 876 πεμφθέντες
1659 790 1716 832 40

241 864 302 913 εἰς
324 862 496 919 Ῥώμην
531 863 793 932 πρεσβευταὶ
833 861 952 918 περὶ
972 864 1062 903 τῶν
1100 864 1339 915 συνθηκῶν
1376 861 1466 904 ἐπεὶ
1504 866 1630 909 διελέ-
1686 848 1715 888 3

237 925 410 976 χθησαν
437 937 490 977 τη
522 918 747 975 συγκλήτῳ
786 918 886 973 περὶ
916 935 979 961 ων
1009 916 1087 968 τοὶς
1124 917 1303 968 εντολάς
1340 915 1476 973 εἶχον,
1513 920 1634 974 ε’δοξε

237 981 291 1034 τῆ
320 978 535 1048 γερουσίᾳ
560 979 770 1031 βεβαιοῦν
799 976 877 1026 τὰς
900 973 1166 1044 ὁμολογίας,
1207 975 1282 1017 καὶ
1321 975 1398 1026 τὰς
1421 979 1632 1045 φρουρὰς
1659 988 1714 1030 45

237 1035 316 1084 τοὶς
346 1034 393 1077 ἐκ
417 1051 499 1104 της
525 1032 732 1084 Ελλάδος
762 1049 837 1076 και
859 1030 935 1082 τὰς
956 1031 1158 1086 στρατιὰς
1179 1029 1376 1087 ἀπάγειν.
1409 1031 1432 1076 ὁ
1458 1033 1503 1076 δὲ
1519 1039 1632 1080 Φλα-

237 1093 383 1161 μίνιος
403 1088 595 1142 ἀκούσας
616 1090 668 1134 τα
692 1089 956 1146 διῳκημένα,
985 1088 1260 1144 πανταχόθεν
1289 1088 1392 1140 τοὺς
1409 1088 1634 1160 ἀρίστους

236 1152 328 1191 τῶν
361 1146 580 1202 Ἑλληνων
620 1148 945 1217 μετεπέμψατο,
990 1146 1066 1188 καὶ
1104 1145 1371 1219 συναγαγών
1401 1146 1634 1217 ἐκκλησίαν

238 1204 315 1256 τὰς
344 1209 433 1248 τῶν
456 1203 683 1260 Ρωμαίων
713 1206 772 1255 εἰς
800 1202 906 1254 τούς
932 1201 1149 1272 Έλληνας
1177 1202 1422 1273 εὐεργεσίας
1452 1203 1633 1251 ἀνενεώ-

238 1272 368 1314 σατο,
407 1262 481 1305 καὶ
510 1262 610 1314 περι
649 1265 738 1305 τῶν
775 1277 888 1304 κατα
917 1258 996 1303 τὸν
1025 1258 1175 1332 Νάβιν
1205 1258 1479 1316 ἀπελογεῖτο,
1517 1263 1630 1308 διότι
1658 1272 1714 1321 50
1744 1312 1749 1316 ⁴

236 1318 348 1361 κατὰ
377 1319 426 1361 τὸ
457 1317 650 1362 δυνατόν
678 1316 965 1374 πεποιηκασι,
995 1317 1070 1360 καὶ
1100 1316 1169 1360 ὅτι
1197 1317 1308 1360 κατὰ
1334 1317 1416 1374 τὴν
1444 1336 1524 1363 του
1556 1320 1630 1378 δή-

236 1392 325 1430 μου
354 1377 612 1430 προαίρεσιν
631 1374 817 1426 ἅπαντες
846 1376 890 1417 οἱ
918 1375 997 1429 τὴν
1021 1371 1206 1417 Ἑλλάδα
1233 1377 1545 1429 κατοικοῦντές
1573 1380 1628 1422 εἰ·

237 1443 309 1474 σιν
338 1432 562 1488 ἐλεύθεροι
600 1433 676 1476 καὶ
715 1429 1020 1502 άφρούρητοι,
1063 1432 1137 1474 καὶ
1174 1430 1224 1474 τὸ
1263 1431 1493 1487 μέγιστον,
1533 1439 1628 1488 τοῖς

234 1490 366 1540 ἰδίοις
394 1489 547 1544 νόμοις
575 1489 920 1544 πολιτευόμενοι.
972 1486 1164 1544 ᾐτήσατο
1196 1489 1242 1532 δὲ
1270 1488 1390 1559 παροὶ
1425 1507 1514 1534 των
1538 1490 1627 1536 Ελ-
1653 1505 1709 1550 55

233 1545 382 1601 λήνων
417 1545 546 1617 χάριν
586 1546 707 1597 ὅπως
745 1545 850 1596 τούς
888 1545 1179 1595 δουλεύοντας
1216 1543 1317 1596 παρ’
1350 1544 1501 1598 αὐτοῖς
1526 1545 1628 1593 Ἰτα·

235 1602 394 1654 λιώτας
424 1602 768 1660 άναζητήσαντες
798 1603 1115 1646 αποστείλωσιν
1134 1602 1191 1646 έν
1218 1602 1401 1659 ημέραις
1428 1604 1629 1660 τριάκον-

234 1675 300 1703 τα.
337 1659 363 1702 ὃ
392 1677 464 1703 και
493 1661 684 1715 γέγονεν.

338 1716 436 1760 ‘'On
473 1716 608 1760 πάλιν
635 1718 662 1774 ἡ
695 1716 936 1787 σύγκλητος
966 1714 1173 1772 διήκουσε
1202 1720 1293 1759 τῶν
1322 1715 1409 1760 άπὸ
1438 1722 1513 1774 τῆς
1539 1717 1628 1764 Ἑλ·
1655 1707 1684 1746 4

234 1770 370 1825 λάδος
406 1778 674 1830 πρεσβειῶν,
716 1775 790 1817 καὶ
827 1772 1004 1824 ταύταις
1045 1773 1375 1828 φιλανθρώπως
1402 1777 1628 1831 προςεφεό-
1657 1765 1713 1805 60

237 1846 325 1883 νει,
365 1832 612 1899 βουλομένη
649 1829 914 1901 προθύμους
952 1829 1115 1880 αὐτοὺς
1151 1830 1262 1884 ε’χειν
1299 1831 1409 1885 πρὸς
1437 1832 1516 1883 τὸν
1541 1833 1627 1877 'Av-

235 1887 430 1942 τιοχικὸν
467 1886 684 1942 πόλεμον,
728 1886 781 1931 ὃν
805 1887 965 1943 ταχέως
1003 1886 1261 1939 προςεδόκα.
1291 1894 1384 1939 τοῖς
1422 1890 1469 1933 δὲ
1506 1907 1627 1963 παρα
1656 1904 1712 1947 65

241 1946 465 1988 Φιλίππου
494 1945 729 2001 πρέσβεσιν
759 1943 977 1998 ἀπεκρίθη
1017 1943 1132 1987 διότι
1162 1945 1460 2017 φυλάττοντος
1489 1947 1628 1993 αὐτοῦ

233 2000 314 2055 τὴν
342 2003 488 2044 πίστιν
516 2007 605 2045 τῶν
633 2019 678 2045 τε
710 2001 863 2057 φόρων
884 2000 1020 2044 αὐτὸν
1046 1999 1258 2044 ἀπολύσει
1286 2019 1357 2046 και
1372 2003 1631 2060 Δημητριον

233 2058 313 2102 τὸν
342 2056 455 2101 υἱόν
498 2065 590 2110 τοῖς
618 2060 664 2103 δὲ
691 2058 925 2129 ἐληλυθόσι
962 2075 1082 2111 παρα
1110 2057 1330 2114 Ἀντιόχου
1367 2061 1631 2134 συνέστησεν

234 2114 283 2157 ἐκ
312 2118 387 2170 τῆς
417 2118 583 2171 βουλῆς
622 2115 788 2170 άνδρας
830 2115 934 2159 δέκα
974 2114 1077 2166 τούς
1117 2116 1491 2186 διακουσομένους
1529 2120 1630 2175 περὶ

235 2172 299 2214 ὠν
329 2172 500 2228 ε’φησαν
532 2172 710 2224 έντολας
739 2174 849 2229 ε’χειν
878 2188 998 2241 παρα
1025 2176 1110 2216 τοῦ
1139 2173 1362 2227 βασιλέως.
1412 2176 1475 2218 ὠν
1504 2187 1628 2221 συνε-
1656 2188 1712 2230 70

235 2229 515 2298 δρευσάντων
542 2228 569 2301 6
599 2235 675 2288 τῆς
681 2231 925 2302 πρεσβείας
955 2227 1267 2286 άφηγουμενος
1282 2231 1516 2285 Μένιππος
1546 2233 1629 2277 ἔλε-

233 2300 310 2340 γεν
337 2286 485 2342 ἥκειν,
526 2288 644 2339 ὅπως
681 2286 888 2343 Ἀντιόχῳ
921 2288 1075 2340 φιλίαν
1110 2287 1180 2330 καὶ
1211 2290 1468 2357 συμμαχίαν
1499 2290 1630 2334 συνά-

233 2349 369 2398 ψηται
399 2343 510 2397 πρὸς
534 2344 788 2400 Ῥωμαίους.
828 2344 961 2401 ε’φησε
992 2344 1038 2387 δε
1066 2343 1312 2399 θαυμάζειν
1341 2347 1418 2389 τόν
1450 2347 1630 2401 βασιλέα

235 2399 309 2441 διὰ
335 2401 435 2443 τίνα
463 2403 598 2445 ποίαν
627 2401 669 2445 τ’
703 2403 848 2445 αἰτίαν
882 2400 1226 2453 προςτάττουσιν
1265 2401 1384 2458 αὐτῷ
1416 2401 1630 2460 Ρωμαῖοι

233 2456 332 2500 τινὰ
360 2473 441 2513 μεν
478 2463 569 2503 τῶν
609 2458 720 2503 κατὰ
748 2474 829 2516 την
866 2457 1090 2515 Εὐρώπην
1126 2458 1186 2515 μὴ
1226 2463 1626 2519 πολυπραγμονεῖν,
1655 2473 1711 2517 75

326 2591 408 2626 619.
435 2591 490 2626 3}
517 2593 676 2637 τοῦτον]
701 2596 814 2629 τοῦτο
838 2594 879 2628 Μ
1034 2593 1091 2628 41.
1122 2595 1329 2637 Φλαμινίου
1355 2596 1411 2632 Μ.
1452 2597 1626 2631 Φλαιιινί-

234 2649 304 2671 νου
334 2638 384 2675 V
409 2639 464 2670 nis
462 2639 479 2671 i
506 2641 580 2673 Vzr'
574 2652 648 2673 mus
671 2641 723 2684 ips
728 2653 745 2674 c
768 2653 893 2683 suppos
880 2640 966 2674 nst:
992 2652 1026 2674 v
1053 2641 1254 2684 Schwvigh
1279 2643 1536 2686 adAppianum
1551 2645 1623 2678 vol.

235 2682 457 2725 111.p.510.
597 2685 653 2720 45.
680 2684 876 2729 στρατιας]
913 2688 1101 2729 στρατείας
1132 2688 1201 2719 MV
1339 2688 1395 2723 46.
1426 2690 1627 2744 Φλαμίνιος

237 2728 297 2768 Μ,
327 2731 551 2772 Φλαμινῖνος
574 2733 604 2766 V
744 2733 800 2767 53.
826 2733 918 2768 εἰσιν
944 2735 1008 2766 Vrs
1012 2734 1106 2772 inus,
1136 2728 1226 2768 ὦσιν
1251 2734 1323 2767 MV
1447 2736 1504 2771 71.
1528 2749 1626 2780 αφη-

238 2773 418 2818 γούμενος
442 2777 500 2818 Μ,
524 2775 782 2834 ἐφηγούμενος
808 2780 835 2812 V
962 2779 1020 2815 73.
1044 2780 1156 2814 ποίαν
1177 2779 1230 2823 τ’]
1266 2779 1348 2815 ποτ’
1371 2781 1477 2816 scribi
1502 2783 1625 2816 malim

238 2832 344 2863 quam
367 2823 482 2856 ποίαν
505 2823 589 2859 τινὰ
728 2825 785 2858 ῖ4.
822 2823 930 2867 τινὰ]
965 2826 1011 2860 τοέ
1037 2826 1136 2859 Wm
1140 2825 1288 2871 elingiue
1425 2828 1483 2863 75.
1515 2832 1626 2865 πολυ·

236 2873 461 2913 πραγμονεῖν
491 2871 653 2916 Vrsinus,
679 2870 1048 2917 πολυπραγμονήσειν
1075 2872 1144 2906 MV
1324 2918 1345 2945 *
