1968 3346
49 858 57 973 ———...

447 811 1329 875 FRAGMENTA.

717 1087 772 1133 L.
819 1087 898 1132 Vl.
921 1114 990 1122 -
1011 1086 1066 1132 X.

873 1207 910 1250 I.

210 1276 347 1348 Τῶν
385 1304 552 1360 βίβλων
588 1301 695 1359 ἡμῖν
730 1304 776 1356 ἐξ
817 1304 896 1359 μὲν
938 1304 985 1347 αἱ
1021 1318 1194 1358 πρωται
1229 1304 1495 1374 περιέχουσι
1513 1305 1588 1356 τὰς

192 1360 282 1415 πρὸ
312 1364 402 1404 τῶν
436 1364 650 1415 Τρωικῶν
679 1359 855 1415 πράξεις
879 1361 954 1404 καὶ
986 1361 1282 1416 μυθολογίας,
1313 1363 1388 1405 καὶ
1416 1360 1589 1405 τούτων

194 1421 242 1462 αἱ
270 1418 349 1488 μὲν
377 1416 719 1488 προηγούμεναι
743 1423 859 1472 τρεῖς
887 1417 965 1467 τοὶς
1004 1418 1303 1472 βαρβαρικάς,
1345 1421 1391 1462 αἱ
1422 1418 1466 1462 6’
1494 1419 1589 1489 ἑξῆς

194 1474 351 1544 σχεδὸν
378 1474 456 1525 τοὶς
483 1477 572 1517 τῶν
595 1472 816 1545 Ἑλλήνων
845 1474 1172 1541 ἀρχαιολογίας·
1203 1476 1251 1518 ἐν
1281 1476 1327 1519 δὲ
1356 1481 1450 1526 ταῖς
1479 1477 1585 1531 μετὰ

192 1531 355 1582 ταύτας
394 1532 549 1600 ξ’νδεκα
588 1531 667 1582 τοὶς
705 1530 792 1574 απὸ
833 1535 923 1573 τῶν
967 1535 1179 1585 Τρωικῶν
1217 1549 1373 1584 κοινας
1410 1532 1587 1584 πράξεις
1643 1539 1671 1581 5

195 1588 566 1659 ἀναγεγράφαμεν
592 1588 674 1639 ἕως
695 1592 769 1643 τῆς
790 1586 1076 1641 Ἀλεξάνδρου
1106 1592 1321 1644 τελευτῆς.
1354 1589 1401 1632 ἐν
1425 1590 1471 1632 δὲ
1494 1594 1588 1639 ταῖς

194 1646 290 1714 ἑξῆς
320 1647 458 1689 εἴκοσι
496 1644 571 1688 καὶ
608 1646 725 1699 τρισὶ
755 1646 924 1700 βίβλοις
956 1644 1032 1696 τὰς
1070 1645 1227 1696 λοιπας
1265 1645 1437 1696 ἁπάσας
1472 1661 1591 1688 κατε-

193 1700 382 1758 ταξαμεν
420 1701 545 1757 μέχρι
584 1705 676 1772 τῆς
699 1700 835 1757 αρχῆς
867 1704 951 1745 τοῦ
996 1701 1236 1753 συσταντος
1274 1703 1466 1773 πολεμου
1491 1701 1591 1745 Ρω-

193 1761 341 1816 μαίοις
369 1759 480 1814 πρὸς
502 1757 726 1812 Κελτούς,
755 1756 867 1802 καθ’
898 1757 952 1802 ὂν
979 1757 1226 1815 ἡγούμενος
1249 1760 1383 1811 Γάϊος
1407 1758 1590 1811 Ἰούλιος

194 1820 369 1870 Καῖσαρ
395 1824 476 1858 etc.
1619 1827 1672 1867 10

307 1871 584 1915 Diodorusl.
615 1873 659 1916 4.

305 1927 378 1972 ’Ev
399 1926 728 1980 τεσσαρακοντα
752 1928 922 1996 βίβλοις
937 1926 1267 1998 περιειληφότες
1286 1927 1367 1985 τὴν
1387 1943 1588 1998 πραγμα-

192 1988 312 2031 τείαν
342 1985 389 2029 ἐν
418 1984 497 2041 μὲν
524 1986 570 2036 ἐξ
597 1989 692 2035 ταῖς
714 1983 908 2055 πρώταις
938 1983 1247 2042 ανεγράψαμεν
1275 2002 1353 2037 τας
1381 1985 1468 2041 πρό
1499 1990 1590 2030 τῶν

198 2047 411 2101 Τρωικων
439 2040 617 2096 πράξεις
645 2058 690 2084 τε
721 2042 794 2084 καὶ
824 2044 1113 2098 μυθολογίας.

308 2100 496 2144 Diodori
528 2100 637 2142 Exc.
669 2100 805 2141 Vatic.
836 2116 881 2155 p.
908 2102 999 2168 Ι143.
1620 2108 1674 2152 15

313 2155 434 2200 Κατὰ
465 2171 545 2211 μεν
573 2154 651 2205 τὰς
679 2154 999 2224 προειρημένας
1026 2155 1072 2208 εξ
1085 2157 1281 2225 βίβλους
1301 2156 1512 2213 (septimo
1535 2155 1590 2197 ad

195 2215 531 2266 duodecimum)
562 2210 886 2283 ἀνεγράψαμεν
901 2212 978 2263 τὰς
1008 2210 1094 2256 α’πὸ
1124 2216 1214 2256 τῶν
1241 2216 1453 2283 Τρωικῶν
1482 2211 1615 2265 πραέ

194 2272 280 2323 ξεις
320 2270 400 2321 ε’ως
430 2270 490 2320 εἰς
527 2267 606 2312 τὸν
644 2268 730 2312 ὑπὸ
760 2272 851 2313 τῶν
874 2267 1123 2327 Ἀθηναίων
1152 2268 1437 2326 ψηφισθέντα
1466 2268 1590 2312 πόλε-

195 2344 282 2385 μον
312 2327 381 2371 ἐπὶ
410 2327 738 2381 Συρακοσίους.

308 2384 532 2426 Diodorus
563 2383 686 2424 XIII.
719 2388 755 2427 1.
1619 2394 1677 2437 20

304 2437 380 2483 'Ev
409 2439 488 2494 μὲν
509 2456 597 2507 γαρ
637 2438 901 2509 (addiderim
931 2438 1054 2495 ἔπτὰ)
1093 2443 1189 2490 ταῖς
1218 2438 1304 2509 πρὸ
1335 2437 1501 2508 ταύτης
1527 2439 1592 2494 βί-

196 2500 318 2568 βλοις
356 2495 665 2566 ἀνεγραψαμεν
713 2512 793 2547 τας
834 2494 920 2539 ἀπὸ
970 2497 1129 2549 Τροίας
1173 2496 1377 2547 ἁλώσεως
1414 2495 1591 2549 πράξεις

194 2571 255 2605 ως
281 2553 353 2597 ἐπὶ
383 2552 461 2624 τὴν
489 2551 730 2596 καταλυσιν
757 2556 840 2595 τοῦ
869 2569 915 2596 τε
944 2557 1366 2608 Πελοποννησιακοῦ
1395 2552 1589 2623 πολέμου

193 2612 269 2654 καὶ
298 2614 375 2661 τῆς
400 2607 646 2664 Ἀθηναίων
673 2607 932 2665 ηγεμονίας,
976 2609 1226 2662 διελθόντες
1256 2610 1327 2667 ε’τη
1355 2609 1591 2655 επτακόσια

195 2666 359 2725 ἑβδομή
363 2682 496 2709 κοντα
525 2667 597 2709 καὶ
628 2666 765 2709 ἐννέα.
1619 2673 1675 2717 25

309 2723 534 2765 niodmus
565 2723 683 2764 XIV.
715 2730 756 2768 2.
880 2731 883 2735 “
1272 2720 1276 2729 ’

307 2778 380 2822 Ἐν
410 2795 489 2834 μεν
511 2781 596 2822 οὐν
623 2784 718 2830 ταῖς
740 2779 1089 2849 προειρημέναις
1104 2778 1403 2824 ὀκτωκαίδεκα
1425 2781 1593 2847 βίβλοις

198 2836 506 2894 ἀνεγράψαμεν
533 2836 612 2889 τὰς
642 2834 728 2880 ἀπὸ
759 2840 848 2880 τῶν
878 2853 1181 2892 αρχαιοτατων
1210 2835 1387 2937 χ1ρ2όνων
1417 2836 1595 2892 πράξεις
