1968 3346
358 215 658 260 EXCERPTA
687 213 976 256 VATICANA
1004 213 1053 254 L.
1077 213 1272 255 XXXIII.
1425 215 1508 256 111

121 329 228 381 τσύς
266 327 535 377 αδικοῦντας
572 325 648 370 καὶ
677 328 978 379 καταφρονεῖν
1005 328 1095 368 τῶν
1126 322 1341 369 ἀπειλῶν
1383 339 1510 380 προς-

121 387 245 443 ήκειν
275 388 357 430 οὐν
385 384 444 440 μή
476 387 571 434 ταῖς
601 382 799 454 ἅπτειλαῖς
837 380 946 425 ἀλλα
974 387 1067 432 ταῖς
1095 383 1242 437 χερσὶν
1271 382 1510 426 ἐπιδείκνυ-

122 449 228 488 σθαι
239 458 339 511 την
367 441 605 496 ανδρειαν,
640 435 694 497 ἧς
731 438 786 495 δή
824 443 981 494 πεῖραν
1008 436 1233 495 λήψεσθαι
1271 438 1353 496 τήν
1391 455 1511 495 ακρι-

120 497 345 558 βεστατην.

235 567 380 637 ἔκρινε
417 567 618 618 κρεῖττον
662 561 777 607 εἶναι
820 562 1093 633 μαχομένους
1135 560 1383 607 ἀποθανεῖν
1421 561 1510 606 ἔπι-
1539 559 1568 603 5

122 641 278 681 φανως
315 622 346 680 ἦ
375 637 521 678 γυμνα
559 637 613 663 τα
645 620 827 676 σώματα
855 624 946 664 τῶν
979 618 1128 664 ὅπλων
1166 621 1227 670 εἰς
1263 618 1345 677 τήν
1375 621 1510 676 αἰσχί·

122 694 229 739 στην
257 681 538 734 παραδοῦναι
567 679 787 721 δουλείαν.

237 746 261 792 ὁ
292 747 338 790 δὲ
367 744 552 796 Ἰούνιος
580 743 888 800 παρακαλέσας
915 744 1020 796 τούς
1050 742 1341 799 στρατιώτας,
1372 746 1409 788 εἶ
1436 745 1513 789 καί

123 820 255 855 ποτε,
284 807 370 847 νῦν
391 801 738 873 ἀνδραγαθήσαι
769 802 844 873 uoc}
873 806 963 845 τῶν
992 800 1327 857 προγεγονότων
1355 818 1512 856 κατορ-

121 861 347 918 θωμάτων
377 858 526 911 ἀξίους
565 864 773 916 φανῆναι.
819 858 936 914 ὅμως
973 858 1057 903 οὐκ
1088 859 1279 914 ἔκαμνον
1308 864 1402 909 ταῖς
1430 866 1510 909 ψυ-
1517 857 1569 897 10

120 924 240 991 χαῖς,
287 915 605 973 κατισχύοντος
641 920 722 960 τοῦ
775 920 989 973 λογισμοῦ
1036 932 1119 973 την
1156 919 1245 959 τῶν
1297 912 1514 971 σωματων

122 974 370 1020 ἀσθένειαν

224 1041 324 1085 ’Ότι
331 1039 536 1112 διεδόθη
574 1037 602 1097 ἦ
640 1043 730 1085 τῶν
755 1038 984 1097 Ῥωμαίων
1012 1039 1124 1095 πρὸς
1136 1039 1234 1111 μὲν
1262 1039 1368 1091 τούς
1397 1038 1514 1084 ἀντι-

121 1097 455 1166 πραττομένους
481 1096 776 1168 απαραίτητος
812 1100 1021 1168 τιμωρία,
1060 1096 1172 1167 πρὸς
1212 1096 1259 1141 δὲ
1288 1113 1394 1149 τους
1423 1113 1512 1141 πει-

121 1159 399 1213 θαρχοῦντας
427 1151 455 1210 ἡ
485 1158 563 1211 τῆς
593 1154 821 1207 ἐπιεικείας
846 1153 1083 1211 υπερβολή
1515 1147 1570 1191 15

261 1279 341 1315 111.
367 1278 401 1315 1.
438 1276 517 1323 καὶ]
542 1279 670 1326 incipit
693 1279 827 1315 codicis
850 1292 885 1326 p.
909 1277 989 1316 146.

212 1392 554 1439 111.8.1nte113ge
583 1394 769 1428 Decimum
802 1394 941 1428 lunium
970 1393 1144 1436 Brutum,
1177 1393 1277 1428 cuius
1306 1401 1363 1428 res
1395 1397 1514 1439 gestas

120 1451 183 1484 per
205 1439 425 1475 Lusitaniam
456 1444 612 1475 recenset
642 1440 821 1484 Appianas
851 1440 944 1485 hisp.
969 1441 1090 1474 LXXI.
1114 1451 1188 1484 sqq.
1201 1465 1211 1485 ,
1243 1440 1335 1474 unde
1366 1446 1400 1475 et
1424 1440 1514 1475 Gal-

119 1486 210 1522 laeci
233 1497 408 1530 agnomen
434 1487 639 1530 reportavit.
671 1487 771 1520 MAI.

214 1532 376 1567 111.10.
409 1533 630 1566 Dubitabarn
652 1545 736 1567 num
760 1533 852 1566 haee
873 1532 1047 1566 historiae
1069 1531 1246 1576 particula
1266 1528 1351 1567 ab
1330 1545 1432 1577 ομως
1447 1536 1514 1567 etc.

46 1607 47 1610 ,
119 1578 311 1622 separatim
334 1578 450 1622 potius
474 1580 635 1622 ponenda
658 1583 767 1621 esset,
802 1578 968 1623 aliudque
999 1578 1287 1624 intelligendum,
1319 1591 1353 1613 v,
1377 1591 1431 1623 gr.
1456 1579 1515 1612 fa-

122 1623 220 1658 cinus
243 1624 330 1660 illud
354 1635 376 1659 a
393 1624 533 1658 Valerio
553 1626 647 1659 Max.
672 1626 752 1659 VII.
779 1626 812 1659 1.
837 1625 894 1660 10.
920 1630 1121 1666 narratum,
1148 1636 1228 1658 cum
1250 1625 1414 1660 videlicet
1438 1625 1516 1658 Me-

121 1672 226 1704 teIIus
261 1671 352 1714 apud
384 1672 609 1705 Contrebiam
639 1671 740 1705 iussit
771 1671 904 1705 milites
938 1683 1018 1705 suos
1051 1672 1217 1706 adversus
1249 1672 1389 1705 evidens
1422 1671 1517 1706 necis

122 1716 310 1753 discrimen
341 1717 548 1757 stationem,
584 1729 690 1761 quam
725 1719 970 1759 deseruerant,
1003 1718 1122 1752 statim
1151 1729 1382 1762 recuperare3
1422 1719 1518 1761 quod

122 1763 191 1797 nisi
212 1762 394 1805 fecissent,
420 1763 569 1807 capitale
591 1763 662 1797 inis
685 1764 843 1798 futurum
869 1767 956 1797 erat.
992 1765 1090 1798 ΜΛΙ.

213 1808 294 1843 111.
320 1808 378 1843 15.
420 1810 501 1843 Huc
535 1809 685 1854 pertinet
716 1809 946 1854 virgilianum
979 1809 1068 1844 illud
1101 1809 1144 1844 de
1167 1809 1339 1845 Romanis
1364 1809 1518 1845 dictumx

119 1865 265 1899 parcere
295 1856 455 1889 subiectis
480 1861 514 1890 ct
538 1856 714 1890 debellare
743 1857 917 1900 superbos.
962 1856 1126 1891 Fortasse
1160 1862 1277 1891 autem
1308 1856 1389 1890 heic
1419 1869 1518 1891 com-

123 1905 382 1935 memoraverat
405 1901 580 1935 Diodorus
611 1902 750 1936 excidia
780 1903 1001 1936 famosarum
1024 1904 1167 1937 urbium
1191 1903 1298 1938 trium
1328 1902 1517 1949 Carthagi-

123 1947 198 1990 nis,
222 1946 401 1990 Corinthi,
427 1952 462 1984 et
483 1948 695 1984 Numantiae
718 1959 851 1993 paucos
874 1947 967 1984 intra
991 1960 1098 1985 annos
1122 1953 1272 1995 patrata.
1306 1949 1406 1986 MAI.
