1968 3346
162 157 461 205 EXCERPTA
488 156 560 202 DE
581 155 731 200 vlss'r.
750 153 827 197 ET
847 152 1036 199 V1T.L
1067 152 1218 196 XXVI.
1219 153 1409 195 —XXX.
1440 158 1523 197 113

125 272 225 322 λίας
251 269 518 326 ἐκχωρῆσαι.
531 267 590 311 τὸ
622 266 669 312 δὲ
697 267 948 310 τελευταῖον
977 264 1039 308 ἐκ
1052 268 1131 322 τῆς
1158 264 1362 320 ἀνδρείας
1381 279 1425 309 τε
1444 267 1520 310 καὶ

119 327 386 397 στρατηγίας
425 320 595 382 μεγάλῃ
616 321 871 377 παρατάξει
884 321 966 364 τόν
995 319 1205 377 ἀνίκητον
1229 322 1518 391 γεγενημένον

119 381 341 454 Ἀννίβαν
352 378 710 450 καταπολεμήσας
737 378 894 434 ἥττησε
921 377 1003 446 τήν
1032 378 1314 435 Καρχηδόνα.
1546 388 1603 429 80

223 438 323 481 Ὀτι
358 436 608 492 Λεωκριτος
645 435 670 478 6
708 439 790 479 τοῦ
835 433 1078 505 Φαρνάκου
1117 435 1359 506 στρατηγὸς
1394 447 1517 480 συνε-

121 499 211 552 χεῖς
245 493 502 562 προςβολας
530 492 801 561 ποιούμενος
835 489 1058 547 ἠνάγκασε
1095 490 1200 542 τούς
1239 491 1288 535 ἐν
1329 496 1391 549 τῷ
1425 496 1516 562 Τίῳ

123 551 433 620 μισθοφόρους
456 548 536 604 τὴν
565 548 646 604 μὲν
670 547 802 592 πόλιν
818 549 1118 616 παραδοῦναι,
1150 545 1314 598 αὐτούς
1344 538 1390 592 δὲ
1408 550 1515 593 ὑπο-

122 607 346 657 σπόνδους
375 609 734 676 προπεμφθῆναι
773 603 891 673 μετά
926 602 1179 673 άσφαλείας.
1236 608 1328 648 τῶν
1366 605 1412 649 δὲ
1448 624 1513 661 μι-
1544 612 1598 655 85

122 662 368 719 σθοφόρων
397 662 494 705 τότε
529 678 609 733 μεν
637 662 684 705 ἐκ
722 664 798 717 τῆς
832 659 999 712 πόλεως
1040 659 1152 704 κατὰ
1181 659 1259 712 τάς
1289 661 1518 717 συνθήκας

120 718 519 789 προπεμπομένων,
562 718 611 762 ἐν
643 718 689 761 δὲ
718 723 810 768 τοῖς
850 716 996 760 ἐπάνω
1037 716 1215 789 χρόνοις
1242 715 1518 787 ἠδικηκότων

119 778 200 820 τόν
241 774 503 830 Φαρνάκην,
555 774 580 818 6
618 774 875 844 Λεώκριτος
908 773 1085 824 ἐντολάς
1125 773 1234 829 ἔχων
1268 791 1389 844 παρα
1433 781 1516 820 τοῦ

125 832 366 886 Φαρνάκου
405 831 573 882 πάντας
608 829 805 883 άνελεῖν,
848 829 1186 886 παρεσπόνδησε
1225 830 1331 883 τοὺς
1359 838 1514 901 μισθο-

119 889 309 944 φόρους·
351 903 462 932 κατα
501 887 546 957 δὲ
585 886 666 943 τήν
701 887 750 931 ἐκ
787 887 870 930 τοῦ
913 889 1021 933 Τίου
1061 887 1322 942 μετάστασιν
1361 887 1512 941 αὐτοῖς
1541 897 1598 938 90

117 946 296 995 ἐπεθετο
326 945 437 989 κατά
458 944 547 1014 τὴν
588 944 852 998 ὁδοιπορίαν
879 960 954 986 και
992 944 1159 995 πάντας
1188 944 1510 1000 κατηκόντισεν.

171 1047 173 1050 ⁴
220 1002 320 1045 Ὀτι
350 1000 374 1053 6
404 1000 624 1052 Σέλευκος
654 999 886 1056 ἀξιόλογον
924 996 1116 1071 δύναμιν
1133 998 1382 1072 αναλαβών
1409 1019 1513 1058 προ-

115 1062 220 1114 ἦγεν
250 1057 310 1109 ὥς
349 1056 704 1125 ὑπερβησόμενος
740 1057 819 1100 τὸν
862 1060 1040 1111 Ταῦρον
1078 1056 1147 1100 ἐπὶ
1180 1057 1278 1128 τὴν
1297 1059 1511 1116 βοήθειαν

113 1118 198 1158 τοῦ
230 1113 492 1168 Φαρνάκου·
533 1115 707 1158 ε’ννοιαν
738 1113 784 1158 δὲ
821 1114 971 1169 λαβὼν
1009 1116 1099 1165 τῶν
1127 1113 1241 1168 πρὸς
1267 1107 1508 1186 Ῥωμαίους
1538 1119 1594 1161 95

113 1175 175 1229 τῷ
204 1172 337 1240 πατρὶ
365 1172 615 1243 γενομένων
645 1174 906 1226 συνθηκῶν,
937 1169 1046 1213 καθ’
1079 1188 1130 1221 ας
1161 1169 1246 1215 οὐκ
1275 1171 1386 1243 εξῆν

214 1225 315 1271 Ὀτι
352 1244 395 1271 οι
431 1229 485 1271 τοὶ
525 1226 647 1271 δεινα
687 1227 980 1297 τολμήσαντες
1018 1227 1092 1270 καὶ
1133 1226 1212 1270 τὸν
1254 1228 1511 1285 Δημήτριον

115 1281 344 1338 ἀνελόντες
384 1282 467 1328 οὐκ
504 1284 718 1356 ἐξέφυγον
753 1283 831 1338 τὴν
870 1288 952 1335 τοῦ
983 1285 1159 1327 δικαίου
1187 1286 1423 1341 δαιμονίου
1452 1306 1507 1331 τι-

113 1343 306 1411 μωρίαν,
353 1338 458 1385 ἀλλ’
483 1343 527 1385 οἱ
566 1342 645 1396 μὲν
684 1341 731 1390 ἐκ
764 1339 931 1412 Ῥώμης
971 1358 1048 1391 τας
1087 1343 1262 1392 ψευδεῖς
1300 1344 1508 1413 διαβολας
1540 1348 1622 1389 100

113 1396 385 1468 πλασάμενοι
414 1391 501 1468 μετ’
533 1396 683 1467 6Myov
712 1397 879 1453 χρόνον
906 1401 968 1453 τῷ
997 1399 1510 1467 βασιλεῖπροςκόψαντες

114 1453 423 1525 ἀνῃρέθησαν,
453 1454 476 1498 6
508 1454 554 1498 δὲ
588 1457 804 1506 Φίλιππος
832 1454 911 1498 τόν
939 1441 1098 1497 λοιπὸν
1126 1459 1207 1498 τοῦ
1239 1459 1315 1512 ζῆν
1343 1456 1509 1512 χρόνον

113 1509 544 1580 όνειροπολούμενος
577 1512 651 1555 καὶ
690 1511 764 1554 διὰ
804 1511 884 1568 τὴν
921 1513 1173 1580 συνείδησιν
1210 1516 1286 1582 τῆς
1330 1517 1392 1565 εἰς
1427 1515 1508 1559 τόν

112 1559 424 1638 εὐγενέστατον
471 1566 575 1611 υἴὸν
618 1566 815 1637 ἀσεβείας
852 1565 1174 1638 ταραττόμενος
1229 1566 1333 1613 οὐδὲ
1387 1573 1507 1628 διετῆ

111 1624 278 1694 χρόνον
308 1623 534 1693 ἐπεβίωσε,
573 1628 628 1681 τῆ
667 1625 712 1668 δὲ
742 1624 857 1693 λύπῃ
897 1623 1184 1678 άδιορθώτως
1214 1625 1504 1698 συνεχόμενος
1534 1628 1562 1673 5

112 1679 372 1734 κατέστρεψε
402 1681 481 1724 τόν
512 1681 623 1736 βίον
655 1679 679 1724 ὁ
701 1681 746 1724 δὲ
767 1680 945 1724 πάντων
967 1684 1058 1723 τῶν
1076 1684 1225 1725 κακῶν
1248 1680 1508 1758 άρχιτεκτων

111 1737 313 1792 Περσεύς
341 1736 430 1781 ὑπὸ
457 1735 682 1807 Ῥωμαίων
710 1738 1105 1794 καταπολεμηθείς,
1155 1739 1229 1781 καὶ
1249 1741 1417 1808 φυγών
1447 1744 1508 1793 εἰς

110 1792 456 1865 Σαμοθρᾴκην,
497 1792 667 1847 άκυρον
708 1795 800 1864 ἔσχε
844 1810 925 1850 την
963 1796 1054 1838 τῶν
1094 1791 1349 1865 αγνοτάτων
1386 1803 1507 1842 θεῶν

111 1852 279 1900 ἱκεσίαν
309 1839 384 1894 διὰ
409 1848 503 1906 τὴν
529 1848 782 1908 ὑπερβολην
817 1868 895 1907 της
924 1852 984 1902 εἰς
1022 1851 1101 1896 τὸν
1131 1850 1324 1909 ἀδελφὸν
1358 1861 1529 1899 τετολ-

109 1905 299 1979 μημένης
326 1906 538 1977 οέσεβείας.
1535 1917 1588 1958 10

40 1975 140 2012 577-
211 1962 310 2007 ‘On
355 1963 574 2034 Τιβέριος
601 1962 802 2035 Γράκχος
852 1939 1111 2018 ἕξαπὲλεκυς
1159 1964 1223 2023 ων
1263 1968 1503 2039 στρατηγὸς

108 2019 299 2089 ἐνεργῶς
335 2020 484 2077 διῴκει
522 2020 575 2064 τά
610 2020 719 2064 κατά
750 2019 830 2064 τὸν
867 2020 1072 2078 πόλεμον.
1122 2024 1257 2074 ὀὗτος
1285 2023 1370 2079 γάρ
1401 2026 1502 2076 νέος

108 2076 173 2120 ὠν
201 2077 281 2133 τὴν
309 2066 484 2133 ἡλικίαν
513 2076 692 2121 πάντων
717 2075 963 2149 ηλικιωτῶν
987 2079 1050 2123 διὲ
1033 2094 1188 2152 cyson}
1215 2079 1396 2150 ἀνδρείᾳ
1425 2084 1500 2126 καὶ

107 2134 341 2203 φρονησει
376 2134 714 2205 θαυμαζόμενος
743 2135 789 2178 δὲ
829 2133 893 2178 ἐπ’
928 2134 1061 2206 ἀρετῇ
1100 2137 1174 2180 καὶ
1203 2125 1391 2193 μεγάλας
1419 2143 1500 2182 τοῦ
1533 2143 1585 2186 15

106 2190 342 2304 μέλλοντξος
369 2190 638 2248 ὑποφαίνων
662 2191 851 2256 ἐλπίδας
871 2192 986 2237 πολὺ
1015 2209 1105 2237 των
1133 2192 1376 2249 ηλικιωτῶν
1394 2212 1500 2252 προ-

105 2262 145 2290 ει
173 2262 191 2290 ε
222 2241 275 2290 66

146 2263 170 2373 ξ
208 2265 361 2348 ’Ότιηὸ
390 2304 596 2376 Αἰμίλιος
605 2302 683 2348 -‘6
661 2303 829 2356 ὕπατος
858 2302 882 2348 6
914 2306 988 2349 καὶ
1015 2299 1196 2375 πάτρων
1223 2308 1416 2363 γεγονως
1444 2304 1502 2365 ἦν

105 2355 287 2430 εὐγενής
313 2376 358 2404 τε
387 2361 461 2404 καὶ
489 2361 600 2405 κατὰ
633 2360 714 2416 τὴν
745 2361 849 2412 ὄψιν
879 2361 1119 2432 εὐπρεπής,
1158 2380 1220 2407 ετι
1250 2365 1297 2408 δὲ
1327 2367 1500 2409 συνέσει

105 2415 220 2459 πολυ
258 2416 482 2472 διαφέρων
519 2422 606 2461 τῶν
637 2418 791 2461 ἄλλων.
839 2419 990 2474 διόπερ
1019 2418 1046 2476 ἡ
1077 2434 1156 2476 μεν
1182 2422 1335 2489 πατρὶς
1367 2421 1502 2466 αὐτὸν
1529 2428 1585 2469 20

106 2471 298 2524 ἁπάσαις
326 2478 420 2524 ταῖς
450 2474 667 2528 ἐπιδόξοις
699 2472 851 2530 ἀρχαῖς
881 2475 1102 2548 ἐτίμησεν,
1135 2475 1268 2527 αὐτὸς
1302 2478 1346 2522 δὲ
1378 2479 1425 2530 ἕν
1454 2496 1499 2523 τε

103 2544 165 2584 τῳ
201 2533 276 2585 ζῆν
308 2530 544 2574 διετέλεσεν
573 2531 891 2587 ἐπαινούμενος
929 2535 1004 2576 καὶ
1041 2538 1116 2589 τῆς
1154 2549 1261 2589 μετα
1301 2534 1501 2579 θάνατον

105 2586 324 2642 εὐφημίας
373 2587 628 2646 προενοήθη
681 2588 787 2646 μετὰ
835 2593 920 2633 τοῦ
959 2594 1037 2647 τῆς
1083 2591 1296 2645 πατρίδος
1336 2593 1499 2648 συμφέ-

105 2659 281 2713 ροντος.

104 2767 160 2822 833-
191 2769 273 2823 quq
294 2769 471 2822 Valesius,
494 2770 579 2821 Πίῳ
603 2771 691 2822 νηοί
715 2768 815 2808 Πίον
840 2769 886 2807 89
1000 2771 1058 2809 890
1073 2770 1299 2860 -uar6]8fort.
1324 2767 1417 2817 μετά
