1968 3346
364 220 665 266 EXCERPTA
693 217 980 262 VATICANA
1009 218 1055 259 L.
1076 217 1229 261 XXIII.
1434 219 1490 262 57

43 338 153 392 ,Λὲν
188 339 283 388 ταῖς
320 333 571 389 εὐπραξίαις
611 329 670 382 ὥς
708 329 868 386 μύθων
907 330 1224 384 πεπλασμενων
1252 343 1341 374 των
1369 332 1490 373 θεῶν

104 395 492 460 καταφρονοῦντες
526 389 636 432 κατὰ
675 388 751 439 τὰς
791 387 1042 437 ἐλαττώσεις
1072 385 1385 442 ἀνατρέχουσιν
1419 388 1491 431 ἐπι

103 450 186 506 τήν
218 448 414 504 φυσικὴν
445 444 701 500 εὐλάβειαν,
732 443 914 499 μάλιστα
941 445 987 487 δὲ
1017 445 1059 486 οἱ
1080 443 1385 513 Καρχηδόνιοι
1415 444 1489 488 διοὲ

103 508 154 551 τὸ
183 507 367 563 μέγεθος
395 508 482 546 τῶν
520 501 828 571 ἐπηρτημένων
869 499 1052 569 φόβων
1067 497 1382 555 αναζητοῦντες
1412 501 1492 553 τοὶς

103 564 153 608 ἐκ
192 568 280 606 τῶν
309 565 482 606 πολλῶν
510 558 683 632 χρόνων
712 555 1110 625 παραλελειμμένας
1147 559 1307 609 θυσίας
1338 559 1490 602 ἐπολυ-
1521 566 1547 606 5

106 622 349 674 πλασίαζον
375 616 454 668 τὰς
484 618 544 667 εἰς
571 615 620 660 τὸ
651 620 779 660 θεῖον
807 611 947 671 τιμάς.

216 710 269 751 V.
298 707 398 752 ’Ὅτι
425 706 686 757 Ξανθιππος
717 705 741 749 ὁ
774 701 1053 760 Σπαρτιάτης
1083 702 1373 760 συνεβούλευε
1401 710 1494 757 τοῖς

105 770 362 834 στρατηγοῖς
409 780 620 818 προαγειν
663 764 733 806 ἐπὶ
773 778 881 812 τους
930 762 1188 815 πολεμίους·
1241 762 1316 804 καὶ
1354 766 1494 805 ταῦτα

103 825 266 880 ε’φησεν
304 820 443 865 αὑτὸν
488 822 630 891 λέγειν
670 819 751 876 οὐχ
789 821 862 862 ι’να
902 817 1098 868 εκείνους
1126 818 1379 873 παροξύνας
1417 819 1493 862 καὶ

104 878 412 933 παρακαλέσας
442 876 574 928 αὐτὸς
614 877 735 927 εκτὸς
773 871 801 933 ᾐ
838 879 928 918 τῶν
956 875 1202 924 κινδύνων,
1242 874 1339 918 ἄλλ
1373 875 1548 927 ὅπωςῙΟ

103 939 280 981 εἰδωσιν
318 935 386 980 ὅτι
415 935 637 979 πέπεισται
673 937 813 977 ταῦτα
851 931 1103 976 ποιούντων
1143 930 1291 974 αὐτων
1330 933 1494 989 ῥᾳδίως

104 992 419 1049 προτερήσειν,
448 990 583 1042 αὐτός
607 1007 651 1034 τε
678 987 1011 1061 καθηγησεσθαι
1031 993 1107 1045 τῆς
1125 988 1262 1046 μάχης
1282 991 1357 1033 καὶ
1376 994 1494 1045 πρῶ-

103 1067 181 1102 τος
209 1050 257 1093 ἐν
286 1055 378 1100 τοῖς
405 1048 633 1099 κινδύνοις
662 1045 1032 1102 ανδραγαθήσειν.

207 1129 307 1173 ’Ότι
336 1129 600 1177 Ξανθίππου
630 1144 740 1170 κατα
769 1125 847 1169 τὸν
876 1123 1067 1195 πόλεμον
1096 1128 1178 1168 τοῦ
1207 1123 1493 1180 Σπαρτιάτου

104 1184 460 1255 παριππεύοντος
489 1185 562 1228 καὶ
590 1201 696 1234 τους
716 1181 988 1238 πεφευγότας
1013 1182 1171 1234 πεζοὺς
1195 1181 1490 1251 αναστρέφον-
1496 1189 1549 1229 15

103 1261 202 1295 τος,
235 1242 435 1293 εἰπόντος
465 1241 512 1284 δέ
542 1258 662 1292 τινος
684 1239 751 1284 ὅτι
782 1241 943 1295 ῥᾳδίως
969 1239 1042 1294 ἐφ’
1075 1255 1211 1282 ιππου
1242 1238 1493 1295 καθήμενος

104 1318 210 1353 τους
255 1299 416 1350 ἄλλους
457 1300 515 1349 εἷς
550 1299 628 1341 τὸν
668 1300 879 1341 κίνδυνον
920 1300 1183 1349 παρακαλεῖ,
1225 1312 1492 1369 παραχρημα

105 1356 436 1414 καθαλλόμενος
472 1354 552 1399 τόν
580 1355 660 1411 μὲν
697 1356 832 1398 ι’ππον
861 1356 950 1396 τῶν
979 1355 1150 1398 παίδων
1181 1354 1270 1397 τινὶ
1298 1354 1494 1411 παρέδω-

241 1505 300 1540 57.
326 1506 356 1540 1.
390 1504 429 1540 ἐν
453 1504 536 1544 ταῖς
561 1501 788 1550 εὐπραξίαις]
827 1505 890 1540 Ed.
924 1501 963 1538 ἐν
995 1500 1035 1538 δε
1067 1504 1150 1543 ταῖς
1185 1500 1400 1548 εὐημερίαις
1431 1503 1496 1540 καὶ

151 1547 382 1594 εὖπραξίαις.
417 1553 512 1585 MAI.

242 1599 361 1634 57.1.
392 1598 467 1632 τῶν
490 1595 605 1639 θεῶν]
642 1597 707 1631 Ed,
741 1597 812 1631 τοῦ
835 1597 945 1632 θεοῦ.
993 1597 1062 1629 Sed
1087 1602 1140 1629 est
1165 1595 1338 1629 correctio
1363 1596 1493 1629 lectio-

153 1645 207 1679 nis
225 1644 276 1689 τῷ
291 1645 371 1679 θεῶ
387 1657 450 1689 pro
469 1644 543 1676 τῶν
560 1643 674 1684 θεῶν,
691 1656 781 1688 quae
799 1653 893 1678 extat
910 1643 985 1676 ibi·
976 1655 1010 1675 1η
1028 1644 1131 1675 variis
1150 1642 1373 1675 lectionibus.
1398 1644 1432 1675 M
1439 1645 1497 1678 AL

245 1681 302 1726 57.
326 1692 360 1725 2
394 1687 502 1734 κατὰ]
527 1691 589 1722 Ed.
615 1701 729 1731 μετ-ας
755 1691 816 1723 sed
841 1692 958 1735 placet
980 1701 1096 1731 κατα,
1124 1696 1162 1722 ut
1186 1689 1292 1742 paulo
1310 1697 1391 1722 ante
1411 1690 1498 1722 scri-

154 1737 262 1771 bitur.
297 1739 394 1771 MAI.
442 1738 511 1778 Qui
536 1738 564 1769 si
590 1737 882 1770 Hoeschelianam
907 1737 1129 1781 inspexisset,
1154 1746 1197 1779 με
1183 1731 1247 1769 etc}
1272 1735 1419 1769 vidisset
1440 1743 1498 1781 ty-

152 1786 320 1829 pothetae
344 1783 539 1816 Amstelod
564 1783 769 1826 diligentiae
795 1783 926 1816 deberi·

244 1831 302 1865 57
325 1830 360 1865 7.
395 1828 637 1882 Ξανθίππης]
663 1832 714 1862 Ita
741 1830 940 1862 cod.MA1.

247 1876 304 1910 57.
329 1876 362 1909 7.
396 1872 650 1921 συνεβούλευε]
679 1872 960 1919 συνεβουλεύετο
983 1875 1038 1907 ed.
1051 1876 1138 1912 Rom
1155 1898 1165 1915 ‚
1186 1884 1287 1919 quem
1310 1873 1498 1908 datismum

155 1923 274 1956 multis
308 1923 392 1955 olim
423 1923 593 1965 exagitavi
619 1926 655 1955 111
680 1924 847 1963 Xenoph.
874 1923 964 1955 Hist.
990 1923 1051 1954 Gr.
1068 1923 1126 1954 Vi.
1152 1921 1186 1955 5.
1213 1917 1270 1955 34.
1306 1927 1340 1952 et
1364 1922 1497 1953 Demo*

156 1970 273 2002 sthen.
309 1968 354 2001 de
388 1969 506 2001 Rhod.
551 1969 668 2002 libert.
703 1981 738 2012 p.
762 1968 839 2001 196.
875 1968 932 2002 26.
972 1969 1013 1999 P..
1064 1968 1234 2000 Librariis
1268 1973 1383 1998 tamen
1420 1969 1498 2001 sol-

154 2016 271 2049 lemne
296 2021 348 2046 est
371 2015 409 2047 in
436 2016 528 2047 hanc
551 2023 687 2058 partem
711 2027 880 2057 peccare,
913 2014 1022 2045 veluti
1048 2013 1139 2056 apud
1163 2012 1345 2046 Platonem
1370 2012 1498 2048 Mene-

155 2073 246 2094 xeno
270 2073 305 2104 p.
329 2059 408 2094 234.
434 2063 471 2093 Β
505 2061 713 2094 Aeschinem
745 2062 782 2092 F.
810 2063 851 2095 L.
876 2060 896 2103 ξ
933 2060 990 2093 79·
1033 2061 1199 2103 Xenoph.
1225 2059 1437 2094 Anabas.11.
1465 2062 1497 2095 1.

158 2108 213 2141 18.
239 2107 297 2139 VI.
323 2108 356 2140 6.
380 2107 462 2143 29..
498 2107 555 2139 vix
584 2114 623 2139 nt
655 2108 778 2139 loanni
803 2108 959 2140 Diacono
995 2106 1037 2137 ad
1065 2106 1208 2139 Hesiodi
1233 2109 1326 2139 Scut.
1358 2118 1392 2140 V.
1416 2107 1497 2142 338.

155 2154 387 2233 concesserim
412 2153 592 2207 συμβουλε
596 2150 759 2207 υσαμένη
785 2165 848 2197 pro
875 2149 1188 2198 συμβουλεύσασα.

246 2199 304 2234 57.
357 2224 363 2230 .
400 2196 531 2242 αὑτὸν]
560 2196 676 2233 αυτὸν
702 2200 755 2233 ed.
777 2201 878 2232 Rom.

247 2245 388 2279 57.11.
425 2245 586 2300 εἰδῶσιν]
615 2245 761 2280 εἴδωσιν
787 2246 841 2278 ed.
865 2248 965 2278 Rom.

247 2292 386 2327 57.12.
418 2289 723 2336 nastmvjoocafiat]
750 2293 869 2325 Malim
892 2287 1186 2336 καθηγήσεσθαι.
1221 2291 1317 2325 MAI.

249 2336 390 2372 57.14.
423 2337 518 2375 κατὰ
541 2337 607 2373 τὸν
630 2351 668 2373 π.
701 2338 769 2372 τοῦ
795 2338 852 2381 Σ.]
889 2340 1090 2382 praestabat
1120 2339 1193 2373 τοῦ
1223 2339 1273 2372 Σ
1305 2336 1400 2373 κατὰ
1433 2336 1500 2374 τὸν

157 2395 196 2418 π,
245 2384 314 2417 Sed
338 2384 444 2418 verba
467 2386 630 2420 similiter
655 2386 804 2419 disiecta
829 2392 910 2419 sunt
936 2397 969 2429 p.
992 2385 1047 2419 59.
1076 2387 1108 2419 1.
1134 2399 1163 2419 s·

203 2528 259 2564 57.
284 2529 317 2563 3.
359 2531 470 2564 Locus
495 2531 554 2564 hic
578 2532 621 2565 de
643 2531 814 2575 religione
838 2531 873 2565 in
900 2531 1160 2566 calamitatibus
1184 2533 1384 2566 renascente
1407 2532 1502 2565 extat

112 2576 148 2609 in
167 2575 340 2619 excerptis
363 2577 486 2618 editis,
519 2579 578 2611 sed
611 2578 867 2621 aliquantulum
899 2577 1058 2619 varians,
1089 2579 1174 2619 quia
1208 2577 1257 2610 ibi
1290 2577 1502 2611 christianus

112 2622 311 2667 eclogarius
334 2624 502 2657 nonnulla
524 2625 654 2665 verba,
680 2625 886 2667 praesertim
909 2624 1052 2658 ethnica
1066 2650 1075 2665 ‚
1101 2623 1311 2658 immutavit.
1342 2623 1440 2657 MAI.

205 2679 261 2715 57.
287 2680 319 2713 6.
368 2680 538 2724 Loquitur
569 2681 745 2715 Diodorus
780 2682 821 2713 de
854 2681 1016 2714 humanis
1050 2684 1197 2716 sortasse
1228 2680 1382 2714 victimis
1415 2692 1503 2724 quas

112 2725 340 2770 superstitiosi
365 2726 673 2771 Carthaginienses
697 2727 763 2760 diis
787 2727 1016 2760 immolabant
1040 2728 1074 2761 in
1106 2727 1268 2761 maximis
1291 2726 1503 2760 calamitati-

113 2772 197 2812 bus,
221 2772 350 2806 scetere
369 2783 432 2815 pro
452 2774 606 2807 remedio
624 2778 781 2813 utentes;
808 2779 846 2806 ut
862 2778 981 2807 narrat
999 2774 1147 2808 Iustinus
1167 2773 1296 2808 XVIII.
1321 2773 1354 2805 6.
1380 2774 1502 2815 (quem

112 2818 279 2898 exegi-spii}
302 2818 446 2899 Οιζίεῧιε
463 2820 525 2854 lv.
548 2820 601 2864 6.)
636 2820 732 2854 circa
753 2819 868 2864 ipsum
892 2824 1026 2864 tempus
1050 2826 1243 2856 extremum
1266 2819 1351 2855 beili
1383 2819 1502 2864 punici

112 2875 148 2897 1n
199 2875 244 2898 ιοι
260 2876 304 2899 ia.
339 2885 350 2899 2
381 2889 390 2899 .
428 2890 435 2899 .
