1968 3346
225 164 529 210 EXCERPTA
557 163 631 206 DE
660 162 814 206 VIRT.
838 162 915 204 ET
940 161 1054 205 VIT.
1084 163 1132 204 L.
1153 161 1350 204 XXXIV.
1402 165 1487 206 143

93 281 239 339 μένων
263 279 311 324 δὲ
338 279 428 322 τῶν
446 277 610 333 φίλων,
640 274 807 325 πάντας
836 272 1106 325 ἀπέκτεινεν,
1138 275 1250 330 ἔχων
1272 273 1488 347 ὑπηρέτας

95 340 285 388 οἰκείους
323 340 399 390 τῆς
438 336 551 384 ἰδίας
588 333 859 387 μιαιφονίας.
903 329 1040 382 εύθύς
1077 331 1123 374 δὲ
1152 331 1284 375 τέκνα
1312 334 1386 375 καὶ
1414 349 1487 387 γυ-

94 400 253 445 ναῖκας
292 392 463 436 τούτων
502 388 731 442 προςέταξε
772 392 849 443 τῆς
879 386 1016 459 αὐτῆς
1053 390 1260 443 τιμωρίας
1290 388 1485 441 ἀξιωσαι
1520 392 1575 436 15

95 457 186 497 τῶν
226 450 272 494 δὲ
311 448 454 493 ἄλλων
468 449 654 517 φίλων
678 462 782 495 τους
820 441 891 487 ἐπ’
932 444 1109 501 ἐξουσίᾳ
1147 450 1424 515 στρατιωτῶν
1464 444 1494 502 ἢ

95 507 270 553 πόλεων
298 502 586 560 τεταγμένους
609 500 691 552 οὕς
720 501 800 557 μὲν
829 489 1176 571 ἐδολοφόνησεν,
1209 500 1288 553 οὓς
1318 502 1364 545 δὲ
1395 507 1494 546 συλ-

97 564 249 636 λαβὼν
290 562 549 610 πανοικίους
579 557 734 602 ἀνεῖλε.
770 556 844 601 δια
875 558 921 600 δὲ
951 558 1030 613 τὴν
1061 555 1262 614 ὠμότητα
1294 561 1493 615 μισηθεὶς

100 621 156 666 οὐ
185 620 324 689 μόνον
361 617 448 661 ὑπὸ
477 633 567 660 των
596 614 852 671 ἀρχομένων
882 581 1000 657 &Meci
1019 615 1093 658 καὶ
1122 617 1212 656 τῶν
1240 616 1492 671 πλησιοχώ-

98 695 215 746 ρων,
263 675 430 725 πάντας
467 673 572 724 τούς
611 670 991 729 υποτεταγμένους
1029 671 1204 728 ἐποίησε
1242 673 1491 729 μετεώρους
1519 682 1577 723 20

96 733 210 790 πρὸς
238 732 533 786 καινοτομίαν.

198 800 297 845 Ὀτι
331 799 531 856 Τιβέριος
562 798 585 843 6
614 796 813 855 Γράκχος
842 792 898 856 ἦν
927 797 1026 851 υἱός
1054 800 1260 869 Τιβερίου
1290 800 1356 851 δὶς
1383 798 1491 843 ὑπα-

96 856 302 909 τευκότος
346 858 422 902 καὶ
462 856 679 912 πολέμους
707 856 936 912 ἐπιφανεῖς
964 857 1037 900 καὶ
1066 856 1284 913 μεγάλους
1314 873 1489 914 κεχειρι-

97 916 251 967 κότος,
293 914 353 959 ε’τι
393 914 439 958 δὲ
478 918 622 966 καλῶς
660 913 1052 970 πεπολιτευμένου,
1100 917 1401 986 θυγατριδοῦς
1445 914 1491 958 δὲ
1522 917 1578 960 25

99 975 304 1017 Ποπλίου
356 973 608 1022 Σκιπίωνος
651 975 735 1014 τοῦ
787 971 1246 1026 καταπεπολεμηκότος
1290 970 1494 1026 Ἀννίβαν

98 1031 174 1075 καὶ
202 1030 549 1098 Καρχηδονίους.
589 1027 631 1079 ἐξ
663 1027 924 1096 ἀμφοτέρων
955 1028 1001 1072 δὲ
1030 1045 1121 1070 των
1148 1027 1316 1083 γονέων
1345 1029 1496 1098 ἐπιση-

98 1086 290 1143 μοτάτου
326 1085 484 1155 γένους
520 1083 752 1154 πεφυκώς,
793 1086 883 1129 ἰδία
921 1084 1037 1128 πολὺ
1075 1090 1246 1141 προεῖχε
1283 1089 1372 1129 τῶν
1408 1083 1496 1142 ἡλι-

98 1147 273 1187 κιωτῶν
301 1140 472 1186 συνέσει
501 1158 545 1185 τε
575 1142 650 1185 καὶ
688 1140 824 1197 λόγου
855 1130 1072 1198 δεινότητι
1110 1143 1182 1185 καὶ
1218 1142 1268 1186 τὸ
1300 1141 1495 1186 σύνολον

99 1199 218 1270 πάσῃ
249 1200 446 1255 παιδεία,
476 1199 550 1242 καὶ
580 1198 827 1253 δυνάμενος
855 1199 1106 1256 παρρησίαν
1127 1198 1250 1256 ἄγειν
1273 1199 1388 1257 πρὸς
1415 1215 1496 1255 την
1523 1205 1581 1246 80

99 1255 322 1312 υπεροχήν
349 1260 439 1298 τῶν
468 1253 849 1310 ἀντιπραττόντων

32 1339 102 1375 602
204 1324 306 1394 ⁴''0²:13
352 1325 395 1368 οἱ
433 1322 580 1378 Σύροι
621 1325 666 1367 οἱ
706 1323 919 1396 δραπέται
955 1327 1045 1368 τῶν
1095 1323 1380 1395 αἰχμαλώτων
1417 1323 1498 1377 τάς

101 1386 248 1452 χεῖρας
278 1378 549 1433 ἀπέκοπτον,
580 1378 662 1424 οὐκ
693 1379 960 1436 ἀρκούμενοι
988 1386 1082 1432 ταῖς
1110 1380 1231 1434 παρὰ
1261 1381 1365 1432 τούς
1393 1398 1497 1436 καρ-

100 1439 214 1549 ποὺζς
243 1442 415 1493 τομαῖς,
463 1435 570 1481 ἀλλά
608 1437 692 1482 σὺν
730 1437 882 1490 αὐτοῖς
917 1443 1010 1491 τοῖς
1046 1440 1277 1496 βραχίοσιν
1306 1437 1495 1495 ἀκρωτη
1526 1440 1584 1485 35

101 1513 175 1551 ρια
202 1511 335 1546 οντες.

202 1562 303 1606 Ὀτι
341 1580 369 1619 η
412 1560 652 1634 σύγκλητος
687 1563 1072 1633 δεισιδαιμονοῦσα
1111 1562 1403 1616 ἐξαπέστειλεν
1442 1564 1503 1615 εἰς

104 1621 318 1665 Σικελίαν
346 1619 444 1675 περὶ
473 1620 578 1670 τούς
596 1618 837 1691 Σιβύλλης
876 1619 1097 1692 χρησμούς
1124 1619 1235 1664 κατὰ
1264 1623 1503 1676 Σιβυλλια-

103 1678 186 1722 κόν
224 1676 486 1731 λόγιον.οἱ
515 1676 560 1720 δε
591 1676 846 1727 ἐπελθόντες
883 1676 990 1720 καθ’
1031 1675 1137 1733 ὅλην
1171 1676 1251 1747 τῂν
1290 1678 1503 1720 Σικελίαν

104 1750 211 1785 τους
239 1737 301 1789 τῷ
330 1733 523 1801 Αἰτναίῳ
554 1734 629 1776 Διὶ
666 1732 1025 1804 καθιδρυμένους
1054 1733 1235 1804 βωμούς
1261 1732 1501 1776 θυσιάσαν-
1529 1740 1587 1782 40

104 1807 175 1841 τες
213 1791 286 1834 καὶ
316 1789 656 1858 περιφράγματα
693 1791 954 1861 ποιήσαντες
982 1789 1173 1862 ἀβάτους
1210 1788 1503 1834 ἀπεδείκνυον

105 1846 212 1898 τούς
239 1845 400 1896 τόπους
429 1845 544 1901 πλήν
581 1851 674 1898 τοῖς
705 1846 853 1904 ἔχουσι
890 1846 1004 1891 καθ’
1043 1845 1230 1892 εκαστον
1259 1849 1504 1904 πολίτευμα

104 1904 318 1959 πατρίους
347 1902 477 1946 θύειν
504 1905 680 1955 θυσίας.

208 1971 310 2015 ’Ότι
327 1965 383 2026 ἦν
401 1987 467 2022 τις
488 1971 661 2026 Γοργὸς
681 1967 1000 2042 Μοργαντῖνος
1019 1971 1359 2028 ἐπικαλούμενος
1379 1972 1500 2028 Κάμ-

103 2031 267 2100 βαλος,
316 2027 493 2100 πλούτῳ
533 2029 607 2071 καὶ
648 2027 752 2099 δόξῃ
791 2030 1039 2086 διαφέρων,
1091 2029 1139 2082 ὃς
1180 2030 1249 2074 ἐπὶ
1285 2031 1501 2086 κυνηγίαν
1528 2035 1585 2080 45

106 2084 327 2141 ὁρμήσας,
376 2085 450 2129 καὶ
487 2085 747 2157 περιπεσών
781 2088 1000 2156 λῃστηρίῳ
1052 2088 1301 2141 δραπετων,
1345 2103 1502 2143 εφευγε

104 2142 234 2195 πεζὸς
272 2139 383 2195 πρὸς
424 2140 504 2197 τὴν
537 2141 682 2213 πόλιν.
685 2141 1056 2214 ἀπαντήσαντος
1086 2144 1133 2188 δὲ
1171 2145 1293 2201 αὐτῳ
1324 2147 1367 2187 Γ
1364 2161 1504 2200 οργου

106 2203 189 2243 τοῦ
222 2196 385 2242 τούτου
422 2198 588 2254 πατρὸς
625 2197 697 2255 ἐφ’
741 2203 905 2254 ἵππου,
945 2201 1019 2244 καὶ
1054 2188 1392 2271 καθαλλομένου
1429 2201 1506 2244 καὶ,

107 2255 437 2326 παραδιδόντος
468 2256 548 2299 τὸν
580 2257 739 2309 ἵππον,
770 2256 890 2309 ὅπως
919 2256 1218 2327 έφαλλόμενος
1245 2256 1503 2314 ἀφιππεύσῃ

107 2311 220 2367 πρὸς
258 2310 339 2368 τήν
378 2311 529 2365 πόλιν,
570 2311 678 2356 οὐθ’
711 2313 735 2357 6
775 2319 877 2365 παῖς
906 2313 1001 2385 τὴν
1033 2316 1151 2358 ἰδίαν
1183 2317 1400 2385 σωτηρίαν
1427 2318 1504 2370 τῆς
1533 2322 1588 2366 50

108 2373 191 2413 τοῦ
230 2367 397 2422 πατρὸς
433 2371 699 2424 προέκρινεν
747 2368 853 2415 οὔθ’
895 2369 920 2415 6
933 2386 1092 2441 πατηρ
1132 2372 1410 2427 προςεδέχετο
1439 2375 1504 2429 τῷ

107 2428 191 2470 τοῦ
219 2425 377 2469 τέκνου
415 2425 597 2496 θανάτῳ
635 2428 870 2496 διαφυγεῖν
897 2426 977 2471 τὸν
1014 2430 1243 2473 κίνδυνον.
1284 2416 1510 2498 δεομένων

110 2482 157 2528 δὲ
188 2480 386 2537 ἀλλήλων
413 2482 518 2538 μετὰ
548 2471 756 2540 δακρύων
792 2486 866 2529 καὶ
903 2486 1364 2555 διαφιλοτιμουμένων
1390 2484 1503 2539 ὑπὲρ

110 2537 334 2596 εὐσεβείας
372 2555 417 2583 τε
444 2541 520 2584 καὶ
548 2544 882 2599 φιλοστοργίας,
923 2542 1154 2600 σύγκρισίν
1183 2558 1228 2587 τε
1257 2541 1504 2599 λαμβάνον·
1532 2549 1590 2594 55

204 2654 285 2690 602.
313 2653 370 2690 35.
396 2654 590 2701 βραχίοσιν
614 2653 955 2703 ἀκρωτηριάζοντες
975 2657 1162 2700 Isthmus,
1194 2656 1365 2704 βραχίοσι
1388 2668 1504 2691 συνα-

111 2700 426 2757 κρωτηριάζοντες
589 2701 648 2738 37.
681 2709 742 2739 aut
771 2705 854 2749 περὶ
886 2704 976 2746 τούς
1002 2703 1189 2760 Σιβύλλης
1221 2715 1411 2750 χρησμους
1443 2705 1506 2738 aut

111 2746 208 2784 κατά
230 2744 480 2805 Σιβυλλιακὸν
496 2745 621 2793 λόγιον
637 2719 838 2786 delendum9
838 2755 910 2789 est·
933 2756 1105 2796 postenus
1121 2762 1231 2795 quam
1253 2751 1383 2785 deleret
1401 2749 1505 2785 Reis-

113 2794 217 2836 kius,
239 2793 342 2840 παρά
365 2806 429 2839 pro
453 2795 538 2841 περὶ
560 2796 737 2834 scribebat

1967 1272 1968 1279 ⁴
1966 1224 1968 1236 μ
1961 986 1968 1198 --.-—.--.—
1956 748 1968 968 —a—m·‘.
