1968 3346
401 243 483 284 172
519 236 821 281 EXCERPTA
839 234 1220 279 LEGATIONVM
1246 236 1295 277 L.
1317 234 1490 278 XXXII.
1519 234 1714 277 XXXIII.

400 349 557 407 ἐπέσχε.
603 347 730 406 μόγις
765 348 813 393 δὲ
846 351 938 392 τῶν
974 348 1294 418 Καρχηδονίων
1334 343 1421 390 ἀπὸ
1460 349 1538 402 τῆς
1571 344 1784 402 καταπλή-

397 410 502 460 ξεως
540 404 891 474 ἀναλεξαμένων,
930 404 1065 461 μόνος
1105 403 1129 447 ὁ
1169 403 1387 447 Βλάννων
1424 402 1694 473 καλούμενος
1726 405 1786 446 οἰ-

315 469 369 513 55
399 466 523 507 κείαν
549 467 626 520 τῆς
654 462 945 518 περιστάσεως
974 461 1132 532 φωνήν
1157 460 1396 516 προέμενος
1425 458 1619 520 διελέχθη
1649 476 1787 514 παρα-

400 525 608 570 στατικῶς
637 520 727 588 α’μα
755 520 828 563 καὶ
848 516 1273 588 παρρησιαζόμενος·
1311 519 1371 569 εἰς
1402 517 1447 560 δὲ
1477 521 1626 560 οἰκτον
1653 533 1787 572 προα-

398 577 584 649 γόμενος
612 578 716 627 τούς
745 575 994 626 ἀκούοντας

499 634 599 676 ’Ότι
619 636 661 676 οἱ
686 633 890 688 Ῥωμαῖοι
919 630 1178 702 αμετάθετοι
1197 635 1292 681 ταῖς
1319 628 1528 715 γνώμαις
1536 629 1658 681 ὄντες
1675 628 1854 686 πρός628

399 691 479 747 τὴν
507 690 744 759 κατάλυσιν
778 694 853 745 τῆς
881 688 1171 757 Καρχηδόνος
1197 688 1464 741 προςέταξαν
1503 685 1675 730 ἀπιέναι
1715 703 1787 730 τα-

399 749 504 819 χέως
534 750 592 798 εἰς
619 747 699 803 τήν
727 746 993 802 Καρχηδόνα
1022 746 1096 789 καὶ
1124 745 1178 787 τὰ
1207 744 1444 799 δεδογμένα
1471 750 1563 795 τοῖς
1591 744 1790 809 πολίταις

313 811 368 852 65
400 804 695 877 ἀπαγγέλλειν.
727 808 816 846 τῶν
845 804 889 846 δὲ
918 799 1156 872 πρέσβεων
1169 818 1282 851 τινες
1311 803 1385 856 [οἱ]
1415 818 1494 854 μεν
1526 799 1790 859 ἀπογνόντες

398 862 479 917 τήν
509 863 569 911 εἰς
596 877 677 917 την
708 862 898 914 πατρίδα
927 861 1113 913 πορείαν
1143 858 1310 913 ἔφυγον
1338 856 1464 901 ὁπότ’
1496 861 1579 901 οὐν
1611 858 1791 907 ἕκαστος

399 918 611 968 ἐδύνατο,
643 934 685 960 οι
716 918 762 961 δὲ
794 918 939 960 λοιποὶ
964 916 1046 973 τήν
1070 914 1290 958 ἐπάνοδον
1321 913 1528 984 ἑλόμενοι
1529 915 1789 983 ἐπανῆλθον

400 975 483 1032 τήν
513 974 719 1028 ὀλέθριον
748 976 981 1043 πρεσβείαν
1009 970 1285 1022 τετελεκότες.
1318 975 1409 1015 τῶν
1438 971 1483 1015 δὲ
1513 970 1654 1041 ὄχλων
1681 969 1791 1014 ὑπα-

401 1031 694 1081 παντώντων,
723 1030 898 1082 τούτοις
926 1031 1005 1086 μὲν
1037 1027 1168 1073 οὐδὲν
1198 1028 1405 1081 ἐλάλουν,
1435 1027 1512 1079 τὰς
1543 1028 1590 1071 δὲ
1622 1027 1792 1071 ἑαυτῶν

317 1096 373 1135 70
403 1088 597 1144 κεφάλας
635 1087 870 1137 τύπτοντες
909 1088 983 1130 καὶ
1019 1085 1098 1137 τοὶς
1138 1090 1308 1158 χεῖρας
1324 1085 1678 1136 ἐπανατείνοντες
1715 1084 1792 1127 καὶ

403 1163 510 1196 τους
548 1144 683 1194 θεοὺς
722 1144 1013 1199 ἐπιβοώμενοι
1041 1148 1241 1213 προῆγον
1272 1143 1331 1193 εἰς
1360 1141 1440 1212 τὴν
1480 1140 1671 1198 ἀγοράν,
1716 1139 1793 1185 καὶ

318 1238 344 1264 ⁶,
403 1221 455 1261 τῃ
485 1204 692 1258 γερουσία
722 1200 987 1256 ἀπήγγειλαν
1015 1200 1069 1244 τὰ
1099 1198 1458 1254 προςτεταγμένα.

318 1239 374 1336 ,ἵὲ
505 1259 603 1302 Ότι
642 1261 686 1301 οἱ
718 1258 807 1327 τήν
816 1257 1010 1312 ’Ἄραδον
1050 1258 1276 1307 οἰκοῦντες
1304 1255 1525 1326 ὑπέλαβον
1553 1254 1712 1308 καιρὸν
1740 1255 1794 1298 εἶ-

404 1316 543 1373 ληφέν
548 1334 592 1358 αι
620 1315 731 1380 πρὸς
764 1315 842 1370 τὴν
874 1319 962 1358 τῶν
994 1318 1294 1385 Μαραθηνών
1325 1311 1557 1356 απιόλειαν.
1600 1310 1795 1354 αποστει-

404 1379 554 1423 λαντες
576 1373 655 1428 [δὲ]
675 1376 757 1415 ουν
777 1373 823 1415 ἐν
854 1371 1122 1442 απορρήτοις
1150 1369 1262 1424 πρὸς
1284 1368 1535 1425 Ἀμμώνιον
1563 1368 1641 1412 τὸν
1670 1383 1796 1422 προε·

318 1437 373 1477 80
403 1430 589 1486 στηκότα
618 1434 692 1485 τῆς
722 1430 940 1496 βασιλείας
970 1429 1146 1472 ἔπεισαν
1147 1429 1431 1498 τριακοσίοις
1459 1424 1688 1476 ταλάντοις
1716 1441 1795 1468 πα-

402 1491 621 1540 ραδοῦναι
659 1486 738 1539 τήν
768 1484 995 1539 Νἶάραθον
1035 1484 1199 1534 αὐτοῖς.
1247 1482 1271 1527 ὁ
1314 1484 1359 1527 δὲ
1385 1482 1606 1538 Ἰσίδωρον
1645 1480 1796 1532 αὐτοῖς

401 1544 621 1588 ἀπέστειλε
656 1543 770 1601 λόγῳ
801 1559 880 1596 μεν
911 1541 970 1592 ὡς
1009 1539 1080 1595 ἐφ’
1113 1541 1260 1594 ἐτέρας
1288 1541 1456 1595 χρείας,
1498 1541 1608 1596 ἔργῳ
1639 1539 1685 1583 δὲ
1714 1537 1796 1594 τὴν

400 1600 532 1645 πόλιν
569 1589 852 1667 ἐξαιρήσοντα
888 1599 962 1642 καὶ
997 1596 1318 1651 παραδώσοντα
1358 1603 1450 1647 τοῖς
1483 1595 1708 1666 Ἀραδίοις.
1751 1595 1797 1637 οἱ

403 1659 449 1702 δὲ
487 1657 764 1713 Μαραθηνοι
804 1656 882 1700 τὸν
920 1654 1249 1724 κεκυρωμένον
1266 1651 1373 1697 καθ’
1420 1652 1568 1697 αὐτῶν
1607 1651 1796 1705 ὄλεθρον

318 1720 373 1763 85
403 1714 688 1770 ἀγνοοῦντες,
730 1712 834 1762 τούς
873 1713 919 1756 δὲ
956 1711 1202 1784 Ἀραδίους
1226 1709 1414 1765 ὁρῶντες
1455 1710 1503 1753 ἐν
1542 1708 1798 1779 προτιμήσει

401 1789 522 1839 παρα
555 1775 614 1829 τῷ
645 1774 816 1826 βασιλεῖ
851 1769 1145 1838 φερομένους,
1189 1768 1386 1823 ἔγνωσαν
1426 1784 1533 1818 τους
1569 1782 1648 1823 μεν
1677 1764 1798 1818 παρὰ

401 1833 483 1872 τοῦ
513 1817 724 1899 βασιλέως
752 1824 1014 1880 στρατιώτας
1044 1827 1102 1876 εἰς
1132 1825 1212 1880 τὴν
1241 1824 1370 1867 πόλιν
1390 1823 1449 1880 μή
1467 1824 1797 1896 προςδέχεσθαι,

401 1891 491 1929 τῶν
523 1886 566 1928 δὲ
593 1884 807 1939 Ἀραδίων
837 1882 998 1933 αὐτοὺς
1023 1883 1164 1932 ἱκέτας
1184 1881 1400 1936 γενέσθαι.
1428 1879 1567 1950 εὐθὺς
1598 1886 1680 1924 οὐν
1707 1895 1798 1922 των

402 1941 713 1995 πρεσβυτάτων
753 1957 858 1991 τους
902 1938 1275 2010 ἐπιφανεστάτους
1324 1936 1444 1993 παρὰ
1483 1937 1654 1989 τούτοις
1693 1937 1798 1979 δέκα

320 2007 376 2048 90
406 1998 672 2055 πρεσβευτὰς
716 1996 957 2052 ἐξέπεμψαν
997 1998 1056 2048 εἷς
1096 1995 1176 2064 τὴν
1199 1995 1393 2050 ’Ἄραδον
1427 1996 1648 2049 ἱκετηρίαν
1676 1994 1799 2048 κομί-

409 2062 561 2110 ζοντας
599 2053 697 2111 μεθ’
737 2053 907 2097 ἑαυτῶν
946 2054 1021 2097 καὶ
1058 2052 1113 2096 τὰ
1150 2051 1423 2095 παλαιότατα
1460 2068 1549 2094 των
1577 2068 1690 2095 κατα
1718 2049 1800 2105 τὴν

406 2114 536 2157 πόλιν
567 2111 909 2181 αφιδρυμάτων·
948 2109 1264 2179 υπελάμβανον
1299 2108 1384 2165 γάρ
1415 2108 1515 2168 ἐλέῳ
1545 2109 1801 2178 συγγενείας

407 2171 481 2213 καὶ
521 2173 641 2212 θεῶν
677 2167 876 2224 εὐσεβείᾳ
913 2166 1175 2236 μεταθήσειν
1213 2164 1294 2219 τὴν
1339 2170 1489 2209 πᾶσαν
1518 2162 1672 2235 ὀργὴν
1709 2179 1800 2207 των

323 2233 379 2278 95
405 2225 726 2281 Ἀραδίων.οῑ
754 2225 800 2268 δὲ
838 2222 950 2267 κατὰ
985 2240 1062 2274 τας
1096 2222 1341 2293 δεδομένας
1381 2220 1558 2272 ἐντολας
1595 2220 1800 2292 ἐκβάντες

407 2288 483 2339 τῆς
515 2283 623 2354 νηός
653 2283 713 2332 εἰς
744 2283 910 2324 ἱκεσίαν
947 2281 1021 2323 καὶ
1059 2279 1206 2350 δέησιν
1244 2278 1475 2332 ἐτρέποντο
1512 2294 1601 2322 των
1642 2277 1797 2348 ὄχλων.

406 2342 451 2385 οἱ
490 2340 537 2384 δε
570 2337 767 2395 Ἀράδιοι
801 2342 897 2390 ταῖς
934 2341 1094 2393 ψυχαῖς
1131 2335 1424 2393 ἀνηρτημένοι
1460 2333 1799 2393 κατεφρόνησαν

312 614 370 653 28

313 672 369 712 60

404 2454 463 2489 53.
502 2448 793 2512 οἷναλεξαμένων]
834 2449 1133 2508 ἆναψυξαμένων
1163 2461 1289 2495 margo
1319 2450 1351 2486 V
1510 2449 1568 2485 54.
1605 2447 1799 2494 Βλάννων]

406 2497 561 2537 Βλάνων
584 2499 732 2541 suidas,
763 2497 902 2534 ’Ἀννων
935 2494 954 2534 6
982 2500 1116 2539 Γιλλοῖς
1137 2497 1222 2532 Rei
1210 2498 1303 2531 kius
1424 2494 1483 2532 55.
1508 2498 1799 2543 παραστατικῶς

402 2547 540 2584 Suidas,
565 2547 828 2589 περιστατικοῖς
852 2546 903 2579 V:
927 2549 1001 2579 tum
1028 2545 1078 2585 εἴς
1100 2556 1138 2579 τε
1162 2543 1328 2578 Reiskius

519 2592 575 2627 2.8
601 2592 659 2628 65.
693 2604 790 2631 τινες
814 2591 850 2625 οἱ
874 2589 955 2649 μεν]
989 2596 1049 2625 aut
1073 2590 1109 2626 οἱ
1133 2589 1200 2634 μέν
1232 2603 1329 2630 τινες
1351 2592 1413 2624 ant
1435 2601 1531 2630 τινες
1553 2601 1620 2633 μεν
1643 2589 1801 2622 scriben-

404 2639 488 2673 dum
512 2651 547 2673 es
551 2644 563 2672 t
723 2638 780 2672 66.
815 2635 924 2673 ὁπότ’
952 2638 1022 2671 οὐν
1047 2638 1085 2671 Μ
1109 2641 1142 2670 et
1166 2637 1194 2669 V
1225 2636 1261 2670 in
1295 2636 1516 2671 annotatione
1538 2635 1676 2678 Vrsini,
1710 2631 1800 2670 ὁπο-

405 2685 497 2719 σοῦν
531 2685 637 2719 editio
659 2684 775 2718 Vrsini
936 2683 994 2717 77.
1032 2685 1125 2728 Μαρ
1130 2684 1207 2727 αθη
1211 2695 1288 2717 νων
1321 2684 1380 2724 M,
1416 2682 1661 2726 Παραθηνιόν
1692 2682 1799 2715 editio

403 2731 521 2764 Vrsini
635 2730 693 2764 78.
718 2726 786 2766 ουν
811 2730 861 2770 Μ,
890 2727 930 2765 δε
956 2724 1025 2764 οὐν
1049 2730 1081 2763 V
1186 2696 1266 2763 ⁷7.ssss
1290 2726 1479 2774 Ἰσίδωρον
1504 2729 1672 2771 Vrsinus,
1704 2724 1800 2770 Ἰδή-

408 2778 532 2819 δωρον
558 2777 628 2810 MV
767 2777 826 2812 83.
859 2774 1056 2832 Ἀραδίοις]
1081 2774 1284 2820 Ἀρκαδίοις
1306 2777 1346 2808 M
1486 2774 1725 2830 Μαραθηνοὶ
1747 2774 1798 2816 Μ,

410 2825 688 2866 ,Magmfinvocloc
709 2823 741 2857 V
897 2823 954 2857 84.
990 2820 1114 2856 αὑτων
1138 2823 1179 2855 Μ
1204 2822 1476 2875 VVessclingius,
1512 2817 1626 2855 αὐτόν
1651 2822 1682 2852 V

408 2870 465 2904 92.
492 2869 559 2912 τὴν
584 2868 706 2912 πόλιν]
733 2867 841 2902 πόλιν
866 2867 993 2902 Suidas
1016 2881 1048 2902 v.
1074 2864 1318 2912 ἀφιδρύματα
1342 2868 1377 2904 in
1401 2868 1455 2903 ed.
1479 2866 1729 2903 Mediolanenei

455 2916 512 2950 93.
539 2928 592 2950 σι
585 2916 742 2959 aazias
767 2915 931 2958 Vrsinus,
956 2919 1120 2962 συγγειεῖ
1140 2915 1211 2951 MV
