1968 3346
488 176 546 216 80
610 169 909 213 EXCERPTA
936 170 1008 210 DE
1038 169 1194 211 VIRT.
1223 171 1301 211 ET
1331 170 1446 213 vlT.
1476 172 1527 212 L.
1557 171 1754 214 VL—X.

589 281 689 326 ι’Ὀτι
718 279 984 352 Ἀγαθοκλῆς
1030 279 1258 336 ἐπιστάτης
1305 282 1495 333 αἱρεθεὶς
1529 286 1606 338 τῆς
1653 284 1753 336 περὶ
1798 283 1879 328 τόν
1918 276 1921 279 ᾗ

488 339 602 383 νεών
629 342 706 394 τῆς
723 335 909 393 Ἀθηνᾶς
939 339 1194 401 οἰκοδομίας
1215 337 1319 388 τούς
1338 340 1596 389 καλλίστους
1621 344 1711 383 τῶν
1732 357 1879 395 τεμνο-
1916 376 1922 378 -

490 395 636 465 μένων
665 397 804 438 λίθων
833 392 1137 449 ἐπιλεγόμενος
1166 393 1247 449 τήν
1268 394 1349 449 μὲν
1372 393 1613 463 δαπανην’
1597 412 1643 439 εκ
1671 399 1748 453 τῆς
1765 395 1904 449 ἰδίας
1924 396 1926 399 ’

406 456 462 498 65
493 450 647 502 οὐσίας
677 452 886 502 ἐποιεῖτο,
924 455 1016 501 τοῖς
1057 451 1104 493 δὲ
1143 451 1288 501 λίθοις
1315 450 1698 507 καταχρησάμενος
1735 454 1882 497 οἰκίαν
1920 504 1923 506 ,

492 506 748 578 ᾠκοδόμησε
778 510 1002 575 πολυτελῆ.
1035 505 1110 562 ἐφ’
1152 509 1217 558 οἱς
1245 510 1379 550 πᾶσιν
1418 508 1678 564 ἐπισημῆναι
1706 508 1757 552 τὸ
1788 512 1881 553 δαν-
1938 542 1942 547 -

489 565 671 622 μόνιον·
721 564 1058 620 κεραυνωθέντα
1108 580 1192 618 γαρ
1240 562 1319 606 τὸν
1351 562 1618 634 Ἀγαθοκλέα
1658 581 1764 620 μετα
1803 570 1883 635 τῆς
1922 567 1936 614 'J

492 623 634 672 οἰκίας
662 621 1115 690 καταφλεχθῆναι.οῑ
1147 620 1194 663 δὲ
1224 619 1452 676 Γεωμόροι
1483 621 1661 675 ἔκριναν,
1699 621 1779 678 τὴν
1809 621 1882 666 οὐ·
1936 625 1956 642 ““

493 679 593 722 σίαν
624 676 762 721 αὐτοῦ
793 678 1006 731 δημοσίαν
1036 674 1174 728 εἶναι,
1205 679 1361 731 καίπερ
1384 682 1472 720 τῶν
1479 678 1780 747 κληρονόμων
1801 681 1883 723 δει-
1939 691 1946 698 “

406 742 462 781 70
491 732 722 778 κνυόντων
760 734 895 789 μηδὲν
932 731 1138 787 εἰληφότα
1175 737 1264 775 τῶν
1303 736 1433 787 ἱερῶν
1470 733 1498 790 ἢ
1528 737 1749 791 δημοσίων
1784 752 1883 791 χρη·
1921 730 1955 782 „53

493 791 656 863 μάτων.
688 806 767 845 την
795 790 840 833 δὲ
869 790 1012 833 οἰκίαν
1041 787 1391 842 καθιερώσαντες
1423 789 1589 863 α’βατον
1617 797 1709 842 τοῖς
1731 793 1884 842 εἰςιοῦ-
1931 786 1945 828 ’ἒ

493 860 564 892 σιν
593 848 824 903 ἐποίησαν·
867 863 927 896 ως
956 845 1017 888 ε’τι
1051 845 1124 888 καὶ
1162 850 1247 888 νῦν
1275 845 1529 902 ὀνομάζεται
1552 847 1884 918 Ἐμβρονταῖον.
1929 897 1932 903 ,

594 905 692 947 ΓὈτι
711 901 964 972 Πομπήλιος
994 899 1017 944 ὁ
1043 900 1269 956 Ῥωμαίων
1297 904 1500 960 βασιλεὺς
1525 920 1667 948 παντα
1695 905 1774 949 τόν
1799 908 1884 949 τοῦ

407 964 465 1008 75
495 965 571 1030 ζῆν
599 960 763 1027 χρόνον
793 961 839 1002 ἐν
869 958 1019 1015 εἰρήνη
1051 959 1267 1003 διετέλεσε.
1303 961 1485 1033 λέγουσι
1524 961 1570 1004 δέ
1599 977 1712 1012 τινες
1750 960 1883 1005 οἰκου-

493 1017 601 1073 στῆν
629 1016 868 1073 γενόμενον
899 1013 1174 1070 Πυθαγόρου
1203 1015 1314 1070 παρ’
1354 1017 1521 1060 ἐκείνου
1562 1021 1712 1072 λαβεῖν
1744 1035 1799 1060 τα
1835 1034 1883 1061 τε

490 1075 592 1132 περὶ
632 1077 752 1117 θεῶν
787 1071 1148 1142 νομοθετήματα,
1196 1074 1271 1116 καὶ
1307 1073 1449 1117 πολλα
1489 1076 1770 1130 διδαχθῆναι,
1818 1073 1879 1118 δι’

492 1133 556 1174 ὡν
596 1130 812 1186 ἐπιφανὴς
851 1147 961 1186 ανηρ
999 1128 1166 1185 ἐγένετο
1210 1129 1284 1174 καὶ
1329 1133 1535 1187 βασιλεὺς
1573 1131 1715 1188 ᾑρέθη
1755 1129 1884 1187 μετά-

492 1204 700 1244 πεμπτος.
1878 1211 1879 1214 “

409 1249 465 1288 80
594 1245 694 1287 Ὀτι
723 1242 917 1312 Δηιόκης
947 1241 970 1287 6
1003 1242 1174 1299 Μήδων
1209 1243 1413 1300 βασιλεύς
1442 1247 1619 1288 πολλῶν
1645 1243 1884 1315 ,ἀνομημά-

493 1318 583 1345 των
595 1302 860 1373 γενομένων
890 1300 1012 1356 ἤσκει
1043 1301 1329 1358 δικαιοσύνην
1358 1303 1432 1345 καὶ
1462 1301 1594 1352 ἄλλας
1631 1300 1797 1356 ἆρετας.
1907 1285 1955 1539 X]

595 1357 694 1401 Ὀτι
732 1375 774 1401 οι
803 1361 1051 1427 (Συβαρῖται
1089 1361 1398 1412 γαστρίδουλοί
1438 1361 1521 1402 εἰσι
1552 1359 1624 1402 καὶ
1653 1358 1886 1413 τρυφηταί.

490 1419 704 1466 τοσοῦτος
735 1415 780 1458 δὲ
810 1416 865 1470 ῆν
898 1419 1018 1483 ζῆλος
1047 1413 1151 1485 παρ’
1185 1413 1333 1465 αὐτοῖς
1362 1421 1533 1471 τρυφῆς
1563 1415 1666 1465 ὤςτε
1694 1416 1768 1458 καὶ
1792 1431 1884 1458 των

408 1475 463 1518 85
495 1473 657 1524 ε’ξωθεν
697 1471 844 1514 ἐθνῶν
881 1471 1067 1525 μάλιστα
1105 1470 1288 1526 ηγοὲπων
1309 1470 1467 1523 Ἴωνας
1505 1474 1578 1515 καὶ
1613 1471 1906 1541 Τυρῥηνούς,5

495 1528 562 1572 ὅτι
603 1527 859 1596 συνέβαινεν
888 1526 1052 1578 αὐτοὺς
1087 1527 1190 1578 τοὺς
1228 1529 1306 1583 μὲν
1343 1532 1433 1571 τῶν
1458 1527 1674 1584 Ἑλλήνων
1703 1529 1808 1579 τούς
1837 1528 1884 1571 δὲ
1946 1551 1948 1557 ν

490 1603 580 1630 των
592 1583 853 1656 βαρβάρων
882 1584 1084 1639 προέχειν
1112 1589 1167 1641 τῆ
1195 1585 1304 1628 κατὰ
1333 1585 1382 1628 τό
1414 1588 1489 1640 ζῆν
1515 1587 1780 1642 πολυτελείᾳ.

592 1641 692 1685 Ὀτι
722 1643 1002 1700 Μινδυρίδης
1040 1641 1209 1710 λέγεται
1238 1642 1549 1696 περιουσιάσαι
1586 1645 1736 1697 τρυφῇ
1765 1639 1885 1696 παροὲ

409 1703 465 1745 90
493 1700 780 1754 Συβαρίταις.
830 1701 960 1748 οὑτος
996 1697 1106 1767 γάρ,
1157 1698 1455 1748 Κλεισθένους
1496 1701 1579 1741 τοῦ
1621 1700 1885 1742 Σικυωνίων

489 1755 713 1810 τυράννου
743 1754 1007 1810 νικήσαντος
1048 1754 1208 1809 ἅρματι
1246 1755 1320 1798 καὶ
1349 1752 1620 1825 κηρύξαντος
1647 1755 1885 1810 παραγενέ-

491 1819 596 1856 σθαι
625 1829 729 1863 τους
764 1810 1148 1867 προαιρουμένους
1176 1817 1331 1881 γαμεῖν
1359 1813 1438 1866 τὴν
1476 1810 1615 1856 αὐτοῦ
1644 1811 1884 1880 θυγατέρα,
1944 1863 1945 1867 ¹

492 1872 716 1914 δοκοῦσαν
755 1869 899 1913 καλλει
936 1867 1183 1923 διαφέρειν,
1232 1867 1480 1939 ἅναχθῆναί
1517 1885 1615 1911 τινα
1653 1869 1700 1912 ἐκ
1738 1865 1888 1922 Συβα-

494 1944 604 1981 ρεως
648 1926 695 1969 έν
727 1925 1070 1994 πεντηκοντόρῳ
1098 1942 1204 1975 τους
1240 1925 1383 1978 ἐρέτας
1424 1925 1591 1995 ἔχοντα
1607 1927 1748 1975 ἰδίους
1776 1925 1886 1968 οἰκέ-
1942 1947 1945 1955 v

409 1986 464 2030 95
494 2001 590 2036 τας,
630 1984 693 2026 ὠν
732 1987 844 2026 εἰναι
882 1981 987 2032 τούς
1026 1998 1105 2036 μεν
1143 1979 1300 2033 αλιεῖς,
1340 1998 1444 2033 τους
1483 1981 1530 2025 δὲ
1568 1980 1885 2036 όρνιθοθήρας.

492 2038 869 2107 παραγενόμενον
890 2038 935 2081 δε
973 2040 1033 2088 εἰς
1072 2041 1285 2081 Σικυωνα
1326 2044 1420 2089 ταῖς
1457 2055 1568 2081 κατα
1606 2055 1696 2108 την
1727 2037 1886 2081 οὐσίαν

491 2101 791 2151 παρασκευαῖς
813 2093 869 2139 ov'
889 2093 1041 2163 μόνον
1059 2112 1164 2144 τους
1195 2092 1643 2150 αντιμνηστεύσαντας
1671 2093 1780 2138 ἀλλα
1809 2095 1887 2137 καὶ

491 2154 570 2198 τὸν
593 2152 819 2208 τύραννον
849 2151 986 2195 αὐτόν
1015 2148 1256 2206 υπερᾶραι,
1285 2154 1442 2205 καίπερ
1467 2155 1543 2207 τῆς
1571 2152 1736 2202 πόλεως
1765 2151 1886 2206 αὐτῷ’

493 2209 636 2266 πάσης
675 2208 1143 2277 συμφιλοτιμουμένης
1191 2208 1238 2251 ἐν
1289 2208 1334 2252 δὲ
1372 2213 1435 2266 τῷ
1472 2208 1577 2261 μετοὶ
1616 2225 1695 2276 την
1733 2199 1886 2262 ἄφιξιν

384 2274 466 2314 100
497 2269 657 2324 δείπνῳ
687 2266 944 2336 προςιόντος
974 2264 1113 2317 τινός,
1155 2263 1275 2315 ὅπως
1303 2269 1547 2322 κατακλιθῆ
1585 2264 1696 2319 πρός
1734 2263 1886 2315 αυτόν,

496 2326 631 2368 εἰπεῖν
662 2323 729 2366 ὅτι
757 2322 866 2366 κατὰ
894 2321 944 2365 τό
972 2321 1175 2378 κήρυγμα
1204 2321 1414 2378 παρεστιν
1441 2321 1470 2378 ἦ
1499 2321 1604 2378 μετὰ
1633 2338 1708 2378 της
1737 2337 1886 2376 γυναι-

494 2381 573 2431 κὸς
595 2379 631 2451 ..ἢ
661 2381 794 2433 μόνος
824 2379 1265 2449 κατακλιθησόμενος.

595 2436 694 2480 Ὀτι
721 2435 974 2492 Ιππομένης
1005 2434 1028 2478 ὁ
1059 2440 1147 2504 τῷν
1157 2432 1418 2504 Ἀθηναίων
1448 2433 1614 2491 ἄρχων,
1645 2437 1719 2490 τῆς
1747 2439 1884 2503 θυγα-

439 2497 466 2540 5
496 2492 600 2549 τρός
634 2491 775 2536 αὐτοῦ
804 2494 1047 2548 φθαρείσης
1075 2490 1166 2535 υπό
1193 2508 1336 2547 τινος,
1374 2494 1590 2548 τιμωρίαν
1619 2491 1744 2547 ἔλαβε
1773 2488 1881 2546 παρ’

493 2608 552 2642 66.
585 2606 807 2650 ἐπισημῆναι
838 2604 1111 2651 Wesselingius,
1155 2602 1386 2651 ἐπιφανῆναι
1418 2605 1449 2639 V
1621 2604 1681 2640 70.
1716 2598 1884 2648 ὶερωνη

493 2653 679 2694 Reiskius,
702 2653 812 2708 ἱερῶν
835 2653 865 2685 V

588 2699 667 2733 550.
693 2699 749 2733 85.
785 2696 902 2741 ότι],
905 2699 964 2739 ,in
986 2710 1048 2731 πιε.
1073 2699 1111 2731 id
1135 2709 1158 2731 a
1183 2698 1297 2742 capite
1319 2697 1479 2732 scribitur
1487 2699 1510 2716 “
1535 2697 1662 2731 VnAEs.
1823 2694 1882 2729 89.

495 2741 620 2788 οὗτος]
644 2747 790 2786 τοῦτον,
816 2745 929 2778 deleto
948 2757 1032 2778 τινα
1056 2755 1091 2778 v,
1115 2744 1187 2786 93„
1211 2744 1294 2777 Reis
1296 2744 1372 2777 Idus
1487 2742 1545 2775 94.
1570 2738 1621 2777 (ἕν
1642 2740 1751 2786 εἶναι]
1774 2741 1882 2782 „Sal-

496 2793 623 2828 masius
645 2792 681 2826 in
705 2792 837 2827 schedis
862 2787 1010 2827 ωνεῖται
1033 2791 1106 2838 legi
1128 2796 1241 2833 mouet
1251 2793 1274 2811 ‘⁶
1311 2791 1548 2825 wEssnma.
