1968 3346
478 181 542 223 58
763 178 1064 221 EXCERPTA
1091 178 1285 221 PHOTII
1313 180 1362 224 L.
1390 180 1584 253 XXXVI.

477 289 860 346 κεκοινωνηκότων
897 290 1010 348 πλὴν
1047 294 1128 335 τοῦ
1175 290 1433 345 προδόντος
1453 289 1758 337 Ἀπολλωνίου.
1797 294 1872 338 καὶ

393 351 448 394 50
477 353 615 392 ταῦτα
654 347 734 402 μὲν
773 347 859 403 πρὸ
897 353 974 403 τῆς
1012 348 1122 391 κατὰ
1151 351 1382 402 Σικελίαν,
1424 364 1565 419 ωςπερ
1581 350 1872 420 προοιμιαζό-

474 421 600 474 μενα
625 404 785 462 ταύτῃ,
826 407 1029 462 μεγίστης
1075 404 1375 457 ἀποστάσεως
1421 404 1516 461 ήτις
1563 403 1706 463 ἀρχὴν
1746 407 1872 464 ἔλαβε

472 460 696 517 τοιαύτην

586 517 714 560 Κατοὶ
742 516 823 586 τὴν
850 517 918 561 ἐπι
947 535 1052 568 τους
1073 519 1299 573 Κίμβρους
1326 522 1409 562 τοῦ
1429 518 1614 574 Μαρίου
1645 520 1874 573 στρατείαν

472 574 634 617 ἔδωκεν
672 573 699 631 ἡ
733 573 983 646 σύγκλητος
1022 576 1225 627 ἐξουσίαν
1252 579 1314 634 τῷ
1344 578 1507 631 Μαρίῳ
1540 575 1587 618 ἐκ
1615 592 1705 618 των
1732 576 1874 633 πέραν

470 629 702 702 θαλαττης
728 631 874 675 ἐθνῶν
914 633 1267 687 μεταπέμπεσθαι
1305 635 1565 700 συμμαχίαν.
1607 631 1631 675 ὁ
1673 632 1751 688 μὲν
1787 634 1873 676 οὐν

389 689 444 732 55
473 687 654 741 Μάριος
685 687 892 743 ἐξέπεμψε
921 689 1035 742 πρὸς
1066 689 1324 759 Νικομήδην
1341 688 1421 732 τόν
1448 694 1521 744 τῆς
1552 690 1772 739 Βιθυνίας
1798 692 1873 743 βα-

474 746 595 788 σιλέα
622 747 720 799 περὶ
751 746 986 815 βοηθείας
1020 744 1044 788 6
1074 746 1120 789 65
1151 744 1386 801 ἀπόκρισιν
1414 745 1546 789 ἔδωκε
1563 745 1667 796 τούς
1696 746 1874 796 πλειους

471 817 561 844 των
604 805 818 844 Βιθυνῶν
855 800 944 845 υπὸ
982 805 1071 844 τῶν
1102 804 1391 857 δημοσιωνων
1420 801 1741 857 διαρπαγέντας
1771 804 1873 845 δου-

471 857 614 901 λεύειν
644 859 690 901 ἐν
718 863 814 910 ταῖς
843 858 1079 927 ἐπαρχίαις.
1111 863 1187 913 τῆς
1215 859 1261 902 65
1291 858 1535 914 συγκλήτου
1566 857 1874 931 ψηφισαμένης

471 914 591 965 ὅπως
630 915 780 970 μηδεὶς
814 913 1040 986 σύμμαχος
1087 914 1338 988 ἐλεύθεροςβ
1360 916 1408 958 ἐν
1454 915 1636 973 ἐπαρχία
1682 914 1872 985 δουλεύῃ

387 974 444 1014 60
474 972 546 1013 καὶ
587 974 660 1026 τῆς
696 971 867 1017 τούτων
915 971 1242 1025 ἐλευθερώσεως
1294 973 1338 1015 οἱ
1383 973 1617 1042 στρατηγοι
1655 971 1874 1027 πρόνοιαν

473 1032 711 1079 ποιῶνται,
752 1027 850 1072 τότε
888 1027 998 1071 κατὰ
1039 1045 1120 1085 την
1159 1031 1367 1074 Σικελίαν
1397 1028 1461 1073 ὢν
1491 1028 1726 1085 στρατηγὸς
1754 1029 1876 1071 Λικί-

472 1100 567 1135 νιος
595 1083 804 1138 Νερούας
835 1083 1096 1136 ακολούθως
1123 1090 1185 1145 τῷ
1216 1084 1400 1140 δόγματι
1434 1086 1624 1157 συχνοὺς
1651 1090 1742 1128 τῶν
1771 1084 1875 1128 δού-

472 1145 564 1185 λων
590 1140 886 1211 ἠλευθέρωσε,
916 1144 1079 1196 κρίσεις
1107 1132 1316 1197 προθείς,
1349 1141 1409 1192 ὠς
1439 1142 1487 1185 ἐν
1508 1142 1673 1198 ὀλίγαις
1692 1142 1875 1202 ἡμέραις

471 1199 649 1249 πλείους
678 1214 767 1241 των
795 1196 1073 1243 ὀκτακοσίων
1091 1204 1236 1254 τυχεῖν
1256 1204 1332 1253 τῆς
1361 1199 1628 1253 ἐλευθερίας.
1659 1201 1731 1242 καὶ
1759 1204 1875 1270 ἦσαν

387 1258 442 1301 65
473 1255 634 1305 πάντες
674 1257 718 1298 οἱ
753 1255 863 1298 κατὰ
905 1272 986 1310 την
1023 1260 1167 1327 γῆσον
1206 1254 1492 1306 δουλεύοντες
1521 1256 1733 1311 μετέωροι
1764 1255 1875 1310 πρὸς

469 1311 553 1380 τὴν
594 1311 949 1381 ἐλευθερίαν.οί
987 1311 1033 1355 δ’
1065 1313 1114 1355 ἐν
1143 1311 1355 1367 ἀξιώμασι
1385 1312 1715 1382 συνδραμόντες
1746 1329 1875 1367 παρε-
1936 1323 1948 1328 “

470 1367 643 1412 καλουν
672 1368 751 1412 τόν
789 1367 1034 1439 στρατηγὸν
1073 1368 1319 1422 ἀποστῆναι
1358 1368 1520 1438 ταύτης
1548 1373 1627 1425 τῆς
1654 1370 1873 1438 ἐπιβολῆς.

470 1425 494 1469 6
527 1423 573 1469 6
620 1426 704 1468 είτε
742 1423 932 1481 χρήμασι
973 1426 1168 1476 πεισθεὶς
1207 1427 1290 1469 εἴτε
1318 1424 1470 1496 χαρισι
1504 1426 1766 1480 δουλεύσας,
1797 1443 1875 1496 της

385 1487 442 1527 70
472 1481 552 1538 μὲν
591 1497 682 1530 των
720 1484 959 1552 κριτηρίων
1001 1481 1172 1525 τούτων
1211 1484 1408 1537 σπουδης
1445 1480 1630 1553 ἀπέστη,
1669 1484 1743 1526 καὶ
1769 1484 1876 1534 τοὺς

467 1538 729 1593 προςιόντας
759 1538 828 1582 ἐπὶ
861 1542 922 1594 τῷ
951 1543 1097 1594 τυχεῖν
1132 1541 1209 1593 τῆς
1241 1539 1489 1593 ἐλευθερίας
1515 1538 1784 1610 ἐπιπλήττων
1813 1543 1875 1590 εἰς

468 1595 574 1645 τοὺς
613 1597 756 1645 ἰδίους
804 1597 990 1648 κυρίους
1027 1595 1313 1649 προςέταττεν
1350 1594 1791 1667 ἐπαναστρέφειν.οί
1827 1597 1876 1641 65

470 1655 628 1696 δοῦλοι
659 1652 999 1722 συστραφέντες,
1030 1652 1106 1696 καὶ
1134 1654 1224 1695 τῶν
1253 1656 1565 1705 Συρακουσων
1605 1652 1876 1724 οἷπαλλαγέν·

469 1725 562 1761 τες,
601 1710 677 1753 καὶ
723 1707 1054 1780 καταφυγόντες
1099 1710 1161 1760 εἷς
1198 1707 1250 1752 τὸ
1285 1713 1376 1752 τῶν
1426 1712 1642 1754 Παλικων
1683 1709 1873 1765 τέμενος,

383 1769 441 1814 75
472 1764 707 1810 διελάλουν
745 1765 859 1820 πρός
899 1764 1116 1822 ἀλλήλους
1143 1764 1255 1820 ὑπὲρ
1286 1763 1584 1817 ἀποστασεως.
1625 1766 1796 1811 ἐκεῖθεν
1826 1768 1875 1811 ἐν

467 1827 650 1874 πολλοῖς
690 1821 843 1874 τόποις
885 1826 963 1879 τῆς
1000 1838 1091 1864 των
1131 1823 1316 1866 οἰκετων
1351 1820 1514 1877 τόλμης
1540 1822 1731 1881 ἐκδήλου
1744 1838 1875 1894 γινο-

465 1879 602 1953 μένης
637 1884 804 1934 πρῶτοι
842 1884 919 1936 τῆς
966 1878 1216 1934 ἐλευθερίας
1259 1876 1604 1933 ἀντεποιήσαντο
1643 1896 1756 1924 κατα
1791 1880 1875 1951 τὴν

465 1936 706 2006 Ἀγκυλίων
733 1935 883 1996 χώραν
894 1935 1119 2007 αδελφῶν
1158 1937 1282 1978 δυεῖν
1292 1936 1682 2004 μεγαλοπλούτων
1711 1937 1875 1981 οἰκέται

469 2009 731 2064 τριακοντα,
780 1997 843 2038 ὠν
881 1991 1026 2050 ἡγεῖτο
1062 1990 1240 2046 Ὀαριος
1286 1990 1544 2047 ὄνομα·οι
1579 1997 1760 2048 πρῶτον
1794 1992 1876 2049 μὲν

385 2058 440 2098 80
470 2050 631 2101 νυκτὸς
660 2050 971 2122 κοιμωμένους
1018 2048 1124 2100 τούς
1160 2050 1303 2100 ἰδίους
1350 2047 1562 2100 δεσπότας
1602 2049 1872 2120 ἀπέσφαξαν,

470 2105 564 2151 εἶτα
603 2107 673 2150 ἐπὶ
716 2106 792 2159 τὰς
831 2106 1087 2179 γειτνιώσας
1125 2104 1327 2156 ἐπαύλεις
1363 2105 1658 2162 παρελθόντες
1684 2123 1873 2162 παρεκα-

471 2169 583 2208 λουν
612 2164 681 2208 ἐπὶ
718 2166 797 2220 τὴν
826 2164 1081 2218 ἐλευθερίαν
1109 2162 1218 2213 τούς
1248 2160 1463 2214 δούλους·
1493 2163 1568 2207 καὶ
1596 2164 1645 2208 ἐν
1673 2163 1786 2220 αὐτῇ
1815 2167 1941 2221 τῇςςρ

471 2221 599 2264 νυκτὶ
629 2221 909 2278 συνέδραμον
935 2221 1114 2271 πλείους
1141 2223 1229 2263 τῶν
1268 2218 1426 2265 ἑκατὸν
1455 2221 1606 2265 είκοσι.
1638 2221 1714 2264 καὶ
1741 2236 1872 2264 κατα-

387 2281 441 2324 85
471 2277 711 2336 λαβόμενοι
754 2279 918 2349 χωρίον
958 2275 1092 2333 φύσει
1129 2274 1295 2331 ὀχυρὸν
1329 2280 1463 2320 τοῦτο
1502 2280 1668 2346 μᾶλλον
1707 2276 1872 2348 ἐπωχύ-

471 2346 644 2387 ρωσαν,
683 2334 1019 2390 προςδεξάμενοι
1048 2333 1123 2377 καὶ
1152 2332 1326 2387 ἑτέρους
1355 2332 1546 2385 δούλους
1572 2331 1874 2390 ὡπλισμένους

469 2391 756 2449 ὀγδοήκοντα
800 2391 825 2435 ὁ
858 2391 905 2436 65
942 2388 1183 2448 στρατηγὸς
1210 2394 1286 2448 τῆς
1319 2389 1526 2447 ἐπαρχίας
1562 2391 1762 2442 Λικίνιος
1789 2393 1870 2434 Νε-

468 2481 527 2517 50.
552 2480 672 2525 ταύτῃ
694 2492 819 2526 margo
841 2482 924 2518 edit.
949 2480 1126 2521 Hoesch„
1152 2478 1259 2516 ταυτὶ
1290 2491 1377 2515 corr.
1398 2481 1448 2523 A,
1483 2480 1615 2515 caeteri
1637 2493 1778 2526 ταυτην

467 2529 526 2563 53.
558 2528 754 2587 θαλάττης
772 2529 895 2585 Scalig
882 2540 935 2564 ¹¹⁷(ss
957 2532 992 2562 et
1015 2527 1307 2563 Rhodomaunus:
1332 2527 1417 2561 libri
1440 2527 1639 2563 θαλαττων
1764 2526 1823 2561 54.
1848 2524 1870 2562 6

467 2573 536 2620 μὲν
563 2570 634 2610 ουν
656 2575 710 2618 Β,
735 2571 755 2610 ὁ
779 2573 846 2619 μὲν
872 2576 915 2616 A,
939 2573 1071 2608 caeteri
1097 2570 1191 2608 ὅθεν
1306 2573 1364 2608 57.
1391 2575 1413 2609 δ
1415 2584 1642 2630 ημοσιωνων
1661 2574 1712 2614 A,
1742 2574 1871 2608 caeteri

469 2621 664 2677 δημοσίων
803 2621 860 2657 59.
886 2601 1035 2666 δὀυλού
1027 2620 1065 2677 η]
1092 2615 1266 2655 δουλεύοι
1289 2618 1320 2655 A
1467 2621 1526 2655 66.
1552 2617 1593 2655 ἐν
1617 2617 1804 2664 ἀξιώμασι
1826 2620 1869 2658 A.

469 2667 600 2702 caeteri
622 2664 806 2723 ἀξιώματι
951 2667 1010 2702 67.
1029 2656 1219 2712 ἐπιβολῆς]
1246 2663 1308 2702 ἐπὶ
1332 2662 1444 2712 βολῆς
1467 2667 1578 2701 Amst
1735 2664 1793 2701 70.
1818 2678 1868 2709 τῳ

471 2714 524 2755 Β,
557 2714 686 2748 oaeteri
708 2709 752 2749 τό
913 2713 973 2749 73
1007 2712 1275 2768 Συρακουσων]
1308 2713 1516 2748 Συκουσων
1539 2714 1650 2747 Amet.
1813 2710 1871 2748 76.

472 2759 745 2842 γινομέἔὲηςειῖἱ,
756 2760 899 2842 ἔαεῐοτί
921 2757 1119 2852 {sava-{vm
1177 2805 1205 2842 Α
1229 2758 1337 2842 Awt
1333 2756 1543 2806 Ἀγκυλίων]
1567 2755 1806 2796 Αλικυαίωνθ

790 2819 923 2848 ικινιος
998 2805 1153 2848 ικίννιος
1260 2816 1311 2842 ms
