1968 3346
452 204 510 246 18
638 198 942 245 EXGERPTA
967 198 1400 244 HOESCHELIANA
1427 201 1477 244 L.
1503 201 1658 244 XXIII.

370 315 427 361 15
457 310 541 358 ουκ
569 309 802 382 ὀφείλουσι
829 310 935 364 τούς
963 312 1255 369 μιαιφόνους,
1286 310 1472 383 μᾴλιστα
1499 313 1681 366 πίστεως
1710 331 1838 360 κατα-

453 367 777 440 φρονήσαντας,
807 366 1135 423 ὑπερασπίζειν·
1167 373 1204 414 εἰ
1235 369 1280 413 δὲ
1305 367 1417 425 νπὲρ
1443 367 1740 443 ἄσεβεστάτων
1767 390 1839 428 τη-

451 429 662 471 λικοῦτον
690 424 1030 496 ἐπαναιρουνται
1058 425 1264 484 πόλεμον,
1296 425 1518 481 φανεροὺς
1557 427 1731 472 ε’σεσθαι
1759 431 1840 472 πᾶ-

453 493 527 526 σιν
557 479 815 536 ἀνθρώποις
845 482 912 526 ὅτι
941 487 1016 538 τῆς
1045 485 1158 535 ἰδίας
1187 485 1434 535 πλεονεξίας
1453 483 1701 554 πρόφασιν
1715 487 1838 538 πορί-

453 543 602 592 ζονται
629 538 709 583 τόν
736 543 826 583 τῶν
853 539 1206 584 κινδυνευόντων
1233 540 1376 592 ε’λεον,
1413 540 1463 584 τὸ
1496 540 1542 584 δὲ
1573 539 1733 598 ἀληθὲς
1761 546 1840 585 Σι-

394 616 424 657 3
452 597 597 647 κελίας
625 595 933 667 ἐπιθυμοῦσιν.

365 675 422 716 20
554 651 653 697 Ότι
686 651 894 722 Ρωμαῖοι
933 656 1111 707 πρῶτον
1151 651 1338 703 ἀσπίδας
1377 653 1682 709 τετραγώνους
1722 651 1840 710 εἶχον

453 710 513 760 εἷς
549 708 629 753 τὸν
668 709 884 765 πόλεμον·
934 709 1121 764 ὕστερον
1171 709 1339 760 ἰδόντες
1357 710 1639 781 Τυρῤηνούς
1679 715 1839 781 χαλκᾶς

451 765 636 817 ἀσπίδας
661 766 863 834 ἔχοντας,
892 766 1150 823 ποιήσαντες
1180 766 1322 817 οὕτως
1352 765 1556 822 ἐνίκησαν
1584 766 1757 818 αὐτούς.

549 822 650 866 Ὀτι
679 821 1024 877 διαπεράσαντος
1052 827 1133 867 τοῦ
1162 821 1338 867 ὑπάτου
1369 824 1429 874 εἷς
1459 823 1698 893 Μεσσήνην
1719 825 1742 867 6
1769 823 1839 868 Ἱέ-

361 864 419 908 25
450 895 543 934 ρων
580 881 770 933 νομίζων
810 882 1091 953 προδοθῆναι
1128 879 1209 936 τήν
1249 881 1456 934 διάβασιν
1485 877 1575 924 ὑπὸ
1605 884 1837 950 Καρχηδο-

446 937 579 986 νίων,
622 936 787 992 ε’φυγεν
827 938 887 987 εἰς
925 935 1204 1007 Συρακόσας.
1274 938 1593 1007 Καρχηδονίων
1631 937 1677 981 δε
1715 942 1840 982 πολε-

444 992 678 1062 μησαντων
706 993 781 1038 καὶ
808 993 1096 1064 ἡττηθέντων,
1129 994 1210 1050 τὴν
1233 995 1451 1063 Αἴγεσταν
1478 992 1501 1037 6
1530 992 1698 1045 ὕπατος
1726 994 1839 1038 {71:0-

443 1049 672 1120 λιόρκησε,
702 1051 778 1094 καὶ
814 1049 1082 1106 στρατιώτας
1122 1051 1317 1102 πολλους
1352 1048 1592 1108 αποβαλών
1631 1053 1691 1103 είς
1719 1055 1840 1096 Μεσ-

355 1129 385 1170 5
444 1105 586 1178 σήνην
619 1104 852 1160 ανέζευξεν.

354 1188 412 1229 30
545 1162 644 1208 Ὀτι
672 1168 760 1208 τῶν
782 1163 964 1209 ὑπατων
986 1162 1250 1220 ἀμφοτέρων
1280 1165 1341 1215 εἷς
1359 1165 1571 1208 Σικελίαν
1601 1150 1838 1217 ελθόντων,

440 1219 518 1264 καὶ
545 1219 628 1276 τήν
651 1220 920 1283 Ἀδρανιτῶν
959 1221 1090 1265 πόλιν
1119 1221 1534 1290 πολιορκησαντων,
1578 1218 1697 1265 εἷλον
1725 1221 1839 1265 κατὰ

438 1275 613 1330 κράτος.
645 1283 736 1322 είτα
756 1278 837 1350 τὴν
855 1279 1194 1333 Κεντοριπίνων
1216 1277 1594 1336 πολιορκούντων,
1623 1279 1702 1322 καὶ
1726 1278 1838 1347 πρός

437 1338 534 1385 ταῖς
562 1339 741 1390 χαλκαῖς
771 1334 927 1386 αὐλαῖς
970 1335 1242 1392 καθήμενοι,
1283 1337 1394 1390 ἡκον
1422 1335 1623 1390 πρέσβεις
1660 1339 1838 1389 πρωτον

351 1391 408 1436 35
437 1391 538 1447 παρ’
561 1391 842 1436 Ἀλαισίνων·
887 1398 979 1436 εἰτα
1019 1395 1180 1443 δειλίας
1216 1391 1436 1462 πεσούσης
1465 1409 1538 1435 και
1571 1407 1619 1434 εν
1647 1397 1741 1443 ταῖς
1765 1390 1838 1436 ἄλ-

436 1451 533 1499 λαις
560 1448 738 1502 πόλεσι,
778 1450 854 1493 καὶ
885 1449 1015 1493 αὐτοὶ
1050 1450 1252 1518 πρέσβεις
1292 1447 1549 1492 απέστειλαν
1591 1450 1688 1503 περὶ
1726 1447 1838 1535 εἰρή-

436 1520 544 1561 νης,
575 1506 650 1550 καὶ
680 1505 913 1550 ἐπιδώσειν
943 1506 1021 1556 τὰς
1057 1505 1206 1556 πόλεις
1231 1506 1471 1576 Ῥωμαίοις.
1509 1500 1623 1562 ἦσαν
1663 1505 1708 1549 δὲ
1747 1504 1838 1575 &525⁴

435 1577 572 1605 κοντα
609 1562 731 1606 ἑπτά.
771 1565 835 1607 ὠν
875 1562 1208 1632 παραλαβόντες
1237 1580 1315 1612 τας
1346 1562 1554 1632 δυναμεις
1585 1563 1644 1613 εἰς
1687 1561 1836 1632 Συροέ-

348 1612 405 1658 40
433 1629 574 1663 κοσαν
623 1614 768 1676 ἦλθον
811 1618 1184 1691 πολιορκήσοντες
1234 1617 1424 1671 Ιὲρωνα.
1478 1618 1596 1672 ὁρῶν
1638 1617 1684 1662 δὲ
1729 1618 1837 1669 τούς

434 1679 757 1730 Συρακοσίους
797 1675 1078 1747 αγανακτοῦν
1083 1693 1179 1727 τας,
1217 1678 1418 1732 πρέσβεις
1461 1674 1683 1719 α’πέστειλε
1722 1675 1836 1730 πρὸς

432 1748 543 1783 τους
581 1731 780 1784 ὑπάτους
817 1735 916 1787 περὶ
956 1732 1296 1783 διαλύσεως.οι
1332 1733 1379 1776 δὲ
1420 1731 1681 1784 σπεύδοντες
1719 1731 1904 1786 πρόςόοὲ

436 1788 605 1845 μόνους
636 1792 971 1860 Καρχηδονίους
1002 1792 1301 1845 διαπολεμεῖν,
1335 1788 1530 1845 ἀσμένως
1556 1788 1834 1857 ὑπήκουσαν,

439 1862 514 1890 και
545 1846 783 1890 συνέθεντο
816 1846 996 1903 εἰρήνην
1025 1863 1096 1902 ετη
1127 1847 1458 1898 πεντεκαίδεκα,
1490 1844 1700 1916 λαβόντες
1734 1849 1838 1900 δρα-

351 1900 410 1946 45
438 1920 563 1971 χμων
592 1901 638 1947 ιε’
672 1902 913 1958 μυριαδας,
945 1904 1020 1946 καὶ
1049 1920 1156 1954 τους
1189 1902 1491 1972 αἰχμαλωτους
1521 1902 1732 1946 αποδόντι
1762 1920 1836 1946 κυ-

435 1958 600 2014 ριεύειν
628 1963 930 2015 Συρακοσίοις
959 1960 1033 2004 καὶ
1062 1965 1153 2002 τῶν
1173 1958 1243 2003 ντί
1276 1959 1414 2003 αὐτὸν
1441 1959 1627 2011 πόλεων,
1647 1959 1835 2014 ’Ἀκρων,

435 2017 709 2068 Λεοντίνων,
741 2018 1010 2073 Μεγαρέων,
1046 2019 1276 2072 Αίλωρων,
1308 2019 1578 2068 Νεαιτίνων,
1615 2020 1837 2089 Ταυρομε-

436 2074 556 2116 νίων.
597 2073 770 2117 τούτων
808 2074 1121 2129 πραττομένων
1158 2073 1448 2117 κατέπλευσεν
1484 2072 1683 2144 Ἀννίβας
1728 2090 1835 2129 μετα

436 2133 648 2186 ναυτικῆς
678 2129 909 2185 δυναμεως
941 2133 1001 2182 εἰς
1029 2130 1109 2187 τὴν
1138 2132 1371 2201 Ξιῳωνίαν
1400 2130 1640 2188 βοηθήσων
1667 2134 1729 2190 τῲ
1757 2134 1835 2187 βα-

351 2178 409 2223 50
440 2189 566 2230 σιλεῖ·
595 2186 756 2241 μαθων
786 2187 833 2231 δὲ
861 2205 916 2231 τα
946 2204 1228 2258 πεπραγμενα
1258 2186 1516 2243 ανεχώρησε.

381 2237 412 2276 6
539 2242 640 2286 ΓὈτι
675 2241 935 2298 Ἀδράνωνα
945 2244 1117 2316 κώμην
1155 2245 1229 2289 καὶ
1259 2245 1501 2288 Μάκελλαν
1533 2242 1696 2295 πολλας
1725 2243 1835 2312 ἡμέ-

440 2315 522 2356 ρας
541 2300 921 2371 πολιορκήσαντες
945 2299 1153 2356 Ῥωμαῖοι
1186 2300 1388 2357 απῆλθον
1419 2302 1646 2371 ἄπρακτοι.

353 2348 384 2388 7
541 2355 643 2400 Ὀτι
669 2358 924 2414 Αἶγεσταῖοι
952 2363 1133 2413 πρῶτον
1161 2358 1455 2415 κρατούμενοι
1485 2356 1571 2402 ὑπὸ
1607 2358 1835 2414 Καρχηδο-

355 2403 412 2447 55

441 2434 500 2470 15.
519 2431 772 2492 ἄσεβεστοὶτων
791 2438 925 2480 Rhod„
949 2436 1173 2485 ἇσεβεστάτη
1176 2453 1196 2474 ν
1215 2440 1253 2473 Η
1352 2439 1411 2472 21.
1434 2439 1584 2484 χαλκᾶς]
1605 2433 1788 2482 χαλκαςΗ

438 2481 498 2516 24.
517 2482 577 2517 29.
597 2482 774 2528 Μεσήνην
787 2486 823 2518 Η
835 2490 870 2518 et
889 2485 1043 2530 Αἴγεστα
1112 2486 1170 2519 29.
1192 2484 1385 2527 α’πέζευξεν
1406 2487 1442 2518 Η
1534 2486 1592 2519 32.
1616 2483 1836 2526 Κεντοριπί-

440 2529 532 2581 νων]
553 2532 602 2564 Ks
589 2532 856 2573 ‹vtopmmvcav
873 2532 921 2572 H
942 2533 1310 2574 stropcmvffivffie
1313 2532 1510 2576 selingiana
1598 2530 1656 2565 33.
1682 2528 1833 2571 αὐλαῖς]

440 2572 576 2616 πύλαις
601 2576 683 2608 Reis
685 2576 762 2610 kius
849 2576 908 2633 31¹.
931 2577 1156 2622 καθήμενοι]
1182 2559 1423 2620 καθημένων(3
1432 2578 1548 2612 Rhod.
1614 2575 1696 2619 παρ’
1721 2573 1836 2610 Ἀλαι-

442 2622 555 2657 σίνων
580 2622 775 2663 Cluverius,
797 2635 901 2665 παρα
925 2625 1114 2659 Λαισίνων
1138 2625 1175 2658 Η
1267 2624 1324 2658 36.
1358 2623 1566 2668 ἐπιδώσειν]
1593 2620 1777 2658 ἔπιδόσειν
1796 2622 1834 2656 Π

535 2667 594 2701 38.
609 2667 657 2710 εξ.
681 2666 788 2712 ἑπτά]
821 2668 868 2711 ξζ
895 2670 931 2703 Π
957 2675 990 2703 et
1013 2670 1069 2704 39.
1102 2669 1416 2725 πολιορκήσαντες
1434 2675 1629 2704 correctum
1666 2679 1688 2702 a
1710 2668 1794 2701 Wes
1796 2680 1823 2701 s.

536 2712 618 2748 502.
640 2714 699 2747 43.
722 2709 998 2760 πεντεκαίδεκα]
1033 2714 1074 2752 ιε’
1097 2718 1133 2750 Η
1278 2717 1335 2750 44.
1361 2716 1416 2761 ιε’]
1452 2729 1494 2751 ex
1515 2714 1734 2760 praecedenti
1757 2726 1822 2747 nu-

441 2769 542 2793 mero
564 2771 628 2803 pro
655 2760 726 2794 alio
749 2761 885 2796 illatum
918 2763 1077 2796 videtur:
1112 2774 1146 2796 v
1172 2764 1431 2797 annotationem
1567 2761 1626 2796 46.
1652 2762 1823 2803 Συρακο

441 2806 551 2849 σίοις]
576 2808 845 2859 Συρακουσίων
866 2809 924 2842 ve!
951 2808 1195 2853 Συρακούσης
1214 2810 1329 2844 Rhod.
1461 2806 1593 2851 αὐτόν]
1616 2805 1742 2843 αὐτῶν
1763 2806 1822 2842 H:

442 2852 487 2886 de
507 2851 649 2888 urbium
669 2864 761 2898 quae
778 2860 969 2899 sequuntur
990 2856 1189 2891 nominibus
1211 2867 1244 2890 v.
1270 2854 1531 2891 annotationem

1961 503 1968 546 ..h-s.
1961 467 1963 470 -
1961 389 1968 415 .,-
