1968 3346
473 221 557 261 146
621 215 921 258 EXCERPTA
950 216 1021 256 DE
1051 215 1203 257 VIRT.
1235 216 1310 257 ΕΤ
1328 215 1446 257 vm
1477 218 1522 259 L.
1545 217 1722 259 XXXV«

475 326 776 397 ἁρμοττούσης
805 329 1040 397 τιμωρίας,
1073 326 1251 383 φθάσας
1281 327 1327 371 68
1350 327 1424 370 καὶ
1448 327 1632 396 διαδρὰς
1659 345 1735 384 μετ
1783 327 1869 373 ὀλί-

473 400 566 455 γων
607 384 839 442 ἐπεβάλετο
875 383 1066 453 φεύγειν
1105 386 1166 435 εἷς
1204 383 1481 428 Σελεύκειαν.
1523 390 1599 441 τῆς
1631 386 1679 429 68
1720 385 1870 456 φήμης

474 440 612 485 αὐτόν
638 439 988 512 καταταχούσης,
1031 442 1076 484 οἱ
1104 444 1334 492 Σελευκεῖς
1374 439 1642 492 ἀκούσαντες
1677 441 1732 486 τά
1766 444 1870 512 περὶ

389 499 443 542 55
472 498 551 553 τὴν
581 500 859 553 ἱεροσυλίαν,
890 496 1149 541 ἀπέκλεισαν
1169 496 1307 540 αὐτόν
1318 501 1401 567 τῆς
1430 497 1609 548 πόλεως.
1642 497 1666 542 6
1690 499 1737 542 68
1760 497 1869 543 ἀπο-

473 554 621 598 πεσων
649 556 724 598 καὶ
747 554 908 625 ταύτης
935 558 1012 610 τῆς
1041 554 1268 610 ἐπιβολῆς,
1304 553 1479 613 ὥρμησε
1509 553 1691 624 φεύγειν
1719 555 1789 598 ἐπὶ
1817 555 1868 600 τὰ

476 613 738 663 Ποσίδειον,
769 610 1053 680 ἀντεχόμενος
1081 615 1169 653 τῶν
1197 610 1568 666 παραθαλαττίων
1595 610 1755 655 τόπων.

575 669 674 712 Ότι
703 667 808 724 μετὰ
835 670 884 711 τὸ
917 666 1164 710 ἀποθανεῖν
1192 667 1271 711 τὸν
1287 667 1492 723 Γράκχον
1520 666 1608 711 ύπό
1638 673 1719 711 τοῦ
1749 668 1871 712 ἰδίου

386 728 442 769 60
472 723 638 769 δούλου
672 729 760 768 τῶν
788 724 1038 779 γεγονότων
1068 721 1207 767 αὐτοῦ
1237 725 1379 794 φίλων
1399 724 1586 775 Λεύκιος
1618 724 1870 776 Οὐιτέλλιος

471 786 646 836 πρῶτος
676 781 851 831 ἑπιστας
881 783 942 837 τῷ
980 777 1178 836 πτώματι
1207 779 1360 824 αὐτοῦ
1391 780 1482 849 οὐχ
1521 781 1641 832 ὅπως
1669 780 1871 851 ἠχθέσθη

470 843 531 909 τῇ
554 842 766 909 συμφορᾷ
786 841 868 881 τοῦ
897 826 1268 907 τετελευτηκότος,
1299 836 1407 881 ἀλλα
1433 855 1515 893 την
1536 839 1733 908 κεφαλὴν
1763 837 1872 892 ἀφεη

469 896 562 938 λων
592 896 666 939 καὶ
696 897 880 950 κομίσας
909 895 1018 964 πρὸς
1047 893 1204 937 ἑαυτὸν
1226 896 1285 945 εἰς
1305 893 1433 937 οἶκον
1454 896 1574 938 ἰδίαν
1595 894 1695 938 τινὰ
1715 900 1870 938 πλεον-

470 954 584 1004 εξίας
621 952 822 995 ἐπίνοιαν
867 952 942 995 καὶ
982 949 1206 1007 ὠμότητος
1238 949 1492 1007 ὑπερβολην
1532 952 1790 1004 ἐπεδείξατο.
1840 950 1868 995 6

384 1009 440 1051 65
469 1009 554 1065 γάρ
593 1008 763 1059 υπατος
800 1025 857 1064 ην
894 1008 1214 1064 ἐπικεκηρυχώς
1252 1012 1314 1064 τῷ
1353 1008 1434 1078 τήν
1473 1007 1672 1078 κεφαλην
1710 1006 1872 1052 ‹im-:vess-

467 1082 623 1136 γκαντι
653 1065 810 1109 δώσειν
837 1065 1126 1120 ἰσόσταθμον
1155 1067 1359 1120 χρυσίον·
1403 1063 1428 1107 6
1460 1065 1506 1108 68
1541 1065 1622 1108 τόν
1648 1063 1870 1136 τράχηλον

470 1121 705 1178 διατρησας
742 1121 815 1165 καὶ
853 1121 934 1165 τόν
969 1121 1219 1191 ἐγκέφαλον
1257 1120 1500 1173 ἐκκενώσας
1539 1121 1732 1191 ἐνέτηξεν
1770 1119 1871 1165 ἀντὶ

467 1180 632 1223 τούτου
661 1178 910 1235 μόλυβδον·
954 1175 1149 1229 ἀναδοὺς
1189 1178 1235 1222 68
1271 1179 1352 1234 την
1392 1178 1590 1248 κεφαλην
1629 1179 1866 1234 ἐκομίσατο

367 1260 371 1262 ⁷
468 1237 547 1292 μὲν
585 1234 635 1280 τὸ
677 1237 880 1291 χρυσίον,
922 1234 1210 1305 κατεγνώσθη
1248 1236 1296 1279 δὲ
1336 1236 1396 1285 εἰς
1436 1235 1607 1278 ἅπαντα
1647 1235 1727 1279 τὸν
1765 1237 1868 1291 βίον

383 1295 438 1334 70
467 1294 537 1336 ἐπὶ
584 1294 802 1350 προδοσία
843 1294 1004 1349 φιλίας.
1061 1292 1224 1357 ὁμοίως
1263 1292 1310 1336 68
1348 1294 1392 1336 οἱ
1429 1292 1626 1337 Φλάκκοι
1665 1294 1868 1349 διεχειρί-

468 1355 526 1394 σθ
558 1360 652 1392 σαν.

528 1367 553 1405 η
555 1406 656 1448 Ότι
684 1421 796 1448 κατα
823 1404 905 1460 τήν
933 1404 1120 1475 Λιβύην
1141 1405 1515 1475 παραταξαμένων
1546 1404 1748 1478 ἀλληλοις
1775 1422 1870 1450 των

468 1462 684 1519 βασιλέων
710 1461 945 1531 Ἰογόρθας
984 1459 1204 1532 κρατήσας
1241 1480 1293 1518 τῃ
1335 1461 1447 1518 μάχῃ
1487 1464 1681 1515 πολλοὺς
1722 1463 1868 1507 ἀνεῖλε

382 1520 437 1562 75
467 1523 556 1563 τῶν
587 1517 836 1574 Νομάδων
868 1518 892 1561 ὁ
920 1519 965 1561 68
987 1517 1196 1573 Ἀτάρβας
1227 1519 1250 1561 ὁ
1282 1519 1470 1573 ἀδελφὸς
1500 1518 1639 1562 aizo&
1668 1537 1865 1591 καταφυ-

465 1593 561 1632 γων
589 1578 648 1627 εἰς
674 1577 871 1647 Κίρταν,
893 1575 967 1617 καὶ
994 1576 1290 1647 συγκλεισθεὶς
1319 1577 1379 1624 εἰς
1407 1578 1689 1629 πολιορκίαν,
1720 1576 1861 1629 ἓξαπὲ-
1847 1593 1932 1628 -605

468 1637 604 1677 στειλε
626 1631 901 1701 πρεσβευτας
930 1633 991 1682 εἰς
1015 1631 1185 1688 Ρώμην
1204 1631 1263 1688 μὴ
1293 1633 1505 1685 περιιδεῖν
1527 1634 1707 1687 βασιλέα
1729 1636 1864 1689 φίλον
1936 1661 1939 1665 ,

465 1691 539 1734 καὶ
581 1688 811 1744 σύμμαχον
860 1689 1194 1732 κινδυνεύοντα.
1247 1688 1273 1745 ἡ
1321 1688 1368 1732 68
1415 1688 1657 1744 σύγκλητος
1703 1690 1867 1745 έπεμψε

467 1747 668 1815 πρέσβεις
697 1746 846 1788 λύσειν
881 1745 959 1801 τὴν
987 1744 1355 1800 πολιορκίαν.οὐ
1384 1746 1672 1801 προςὲχοντος
1703 1748 1755 1790 68
1788 1747 1864 1791 '10-

381 1803 436 1844 80
466 1803 613 1875 γόρθα
652 1802 786 1845 πάλιν
825 1802 1000 1872 ἑτέρους
1048 1803 1243 1857 ἔπεμψαν
1283 1800 1450 1857 ἀξίωμα
1489 1807 1635 1856 μεῖζον
1662 1803 1863 1875 ἔχοντας.

464 1860 629 1916 ὁμοίως
659 1859 705 1903 68
733 1860 807 1902 καὶ
836 1858 1004 1902 τούτων
1031 1859 1266 1913 ἀπράκτων
1286 1859 1622 1902 ἐπανελθόντων
1652 1859 1675 1904 ὁ
1700 1860 1862 1932 Ἰογόρ-

463 1923 551 1968 θας
593 1915 945 1971 περιταφρεύσας
983 1915 1062 1970 τὴν
1102 1915 1231 1958 πόλιν
1265 1915 1408 1972 ἐνδείᾳ
1445 1915 1715 1990 κατεπρνησε
1753 1918 1863 1969 τούς

463 1974 512 2018 ἐν
540 1977 594 2030 τῇ
623 1973 763 2018 πόλει·
812 1972 891 2015 τὸν
921 1972 968 2015 68
1002 1971 1199 2043 ἀδελφόν
1229 1972 1269 2016 8
1254 1960 1459 2016 ζελθόντα
1488 1972 1589 2027 μεθ’
1631 1976 1860 2043 ἱκετηρίας,

462 2031 537 2075 καὶ
573 2034 647 2099 τῆς
685 2029 764 2083 μὲν
802 2030 1024 2083 βασιλείας
1055 2028 1349 2083 ἐξιστάμενον,
1399 2028 1445 2072 τό
1477 2030 1523 2072 68
1554 2032 1629 2085 ζῆν
1659 2029 1862 2101 αἰτούμε-

379 2085 434 2128 85
464 2104 565 2140 νον,
613 2086 886 2141 ἀπέσφαξεν,
934 2084 1016 2129 οὐκ
1056 2086 1282 2155 ἐντραπεις
1320 2084 1420 2129 ου’τε
1460 2088 1715 2158 συγγένειαν
1755 2087 1860 2132 οὔτε

464 2145 543 2187 τὸν
573 2147 662 2212 τῆς
680 2145 843 2193 ἱκεσίας
869 2140 1023 2211 νόμον.
1067 2142 1229 2212 ὁμοίως
1258 2143 1303 2187 68
1332 2143 1406 2186 καὶ
1434 2159 1523 2185 των
1549 2141 1724 2187 Ἰταλῶν
1751 2143 1860 2197 τούς

463 2198 824 2271 συμμαχήσαντας
853 2197 1056 2269 τάδελφῷ
1083 2198 1252 2251 πάντας
1284 2199 1564 2254 αἰκισάμενος
1594 2199 1865 2247 ἀπέκτεινεν.”

375 2263 433 2304 90
564 2257 663 2299 Ὀτι
687 2259 885 2306 Νασικᾶς
913 2255 936 2299 ὁ
963 2256 1127 2307 ὕπατος
1158 2255 1354 2312 ὑπηρχεν
1383 2255 1495 2312 ἀνὴρ
1526 2256 1600 2300 καὶ
1627 2255 1727 2301 κατ’
1761 2257 1868 2313 ἀρε-·

460 2314 541 2370 τὴν
570 2312 809 2370 ἀξιόλογος
827 2312 903 2356 καὶ
933 2313 1044 2357 κατὰ
1072 2313 1153 2370 την
1181 2313 1406 2382 εὐγένειαν
1433 2312 1779 2385 θαυμαζόμενος.
1812 2315 1858 2368 ἐξ

460 2371 633 2414 ἐκείνου
667 2370 752 2425 γάρ
782 2372 837 2425 ἡν
865 2373 947 2413 τοῦ
983 2369 1140 2441 γένους
1168 2370 1211 2422 ἐξ
1242 2372 1296 2414 οὑ
1326 2387 1431 2421 τους
1455 2367 1752 2425 Ἀφρικανους
1780 2373 1857 2416 καὶ

458 2444 562 2478 τους
586 2425 846 2496 Ἀσιαγενεῖς
874 2427 948 2470 καὶ
977 2427 1084 2478 τοὺς
1108 2425 1339 2478 Ἱσπανούς
1367 2425 1663 2481 ὀνομάζεσθαι
1699 2428 1856 2500 συμβέ-

461 2487 613 2540 βηκεν,
646 2500 709 2526 ων
736 2482 758 2526 6
790 2484 870 2538 μὲν
898 2483 978 2538 τήν
1007 2483 1202 2541 Λιβύην,
1237 2483 1260 2528 ὁ
1281 2484 1328 2528 68
1350 2501 1432 2540 την
1445 2484 1613 2537 Ἀσίαν,
1646 2485 1672 2528 6
1698 2484 1745 2528 68
1773 2485 1864 2542 τὴν

373 2548 428 2590 95
455 2542 680 2585 Ισπανίαν
710 2540 1136 2594 καταστρεψάμενος,
1170 2542 1289 2596 ἔτυχε
1317 2545 1394 2596 τῆς
1425 2540 1510 2583 ἀπὸ
1536 2544 1624 2583 τῶν
1652 2541 1864 2596 πράξεων

460 2597 728 2654 φερωνύμου
746 2600 1052 2652 προςηγορίας.
1080 2598 1152 2642 καὶ
1172 2599 1283 2653 πρὸς
1304 2598 1350 2641 68
1369 2601 1423 2655 τῇ
1439 2602 1569 2654 κοινῇ
1590 2602 1673 2641 τοῦ
1693 2599 1860 2688 γένους

543 2699 624 2735 604.
649 2699 705 2736 56
734 2700 937 2734 Ποσιδειον
945 2701 1175 2756 Holstenius,
1205 2701 1381 2736 Πισίδιον
1401 2703 1431 2735 V
1453 2704 1488 2736 et
1505 2702 1591 2735 Exn.
1611 2702 1689 2736 v.at
1714 2714 1749 2746 p.
1767 2702 1859 2737 121

449 2747 483 2782 5.
622 2748 679 2780 {24
706 2744 765 2780 ἐπι
759 2745 994 2801 κειηρυχως]
1022 2746 1293 2804 ἐπικεκηρυκώς
1321 2749 1351 2780 V

538 2792 618 2827 665.
644 2792 699 2826 78.
724 2790 862 2836 λύσειν]
888 2792 996 2826 immo
1021 2794 1123 2833 λύειν
1263 2794 1321 2829 89.
1349 2793 1532 2849 Νασικᾶς]
1557 2793 1734 2847 Νασίκας
1757 2795 1790 2829 V
1813 2797 1848 2831 et

448 2838 619 2882 Νασικᾶς
644 2840 699 2875 11.
724 2844 758 2878 et
783 2839 935 2877 Νασίκα
958 2839 1015 2877 23
1154 2837 1440 2887 92.‘10m.vovs]
1464 2836 1659 2884 Ισπάνους
1678 2840 1710 2876 V
