1968 3346
495 266 578 305 196
825 261 1246 307 FRAGMENTA
1280 265 1329 305 L.
1358 263 1560 307 V1.-x.

548 375 736 428 γυμναῖς
763 371 883 427 χερσὶ
913 372 993 427 μὲν
1022 372 1201 425 λέοντας
1230 371 1290 424 ὥς
1320 372 1461 429 ἄρνας
1490 371 1785 443 διαφθείρων,

548 434 723 482 πτεροῖς
750 429 855 472 ποσὶ
884 429 930 472 δ’
961 429 1216 499 ῦπερνικῶν
1246 431 1422 485 ἅρματα
1448 427 1728 485 ταχυδρόμα,

548 503 602 555 τῃ
632 485 679 528 66
707 487 819 540 χειρί
846 502 889 528 τι
919 484 1138 542 σπήλαιον
1154 484 1394 559 ἀντήρεισε
1425 490 1688 542 συμπῖπτον.

409 547 464 590 75
549 541 574 586 6
604 541 790 592 Σικελός
817 541 1051 596 Διόδωρος
1079 541 1240 598 γράφει
1268 542 1348 599 τὴν
1378 544 1591 598 ἱστορίαν
1882 551 1947 590 641

604 599 786 640 Tzetzes
817 599 928 643 Chil
949 600 1004 640 ΙΙ.
1035 599 1136 641 hist.
1158 605 1226 644 38
1266 600 1624 664 Polydamantis,
1656 596 1733 652 qui
1753 592 1881 635 nothi

493 655 614 697 Darii
634 655 823 711 aequalis
846 654 946 706 fust,
972 655 1019 697 in
1033 656 1210 698 Milonis
1230 655 1413 699 historia
1435 656 1708 698 mentionem
1730 651 1880 695 fecisse

489 711 741 755 Diodorum
768 712 1007 755 ostendunt
1038 711 1148 755 Exc.
1171 714 1270 755 Vat.
1302 729 1351 771 p.
1373 720 1444 759 22.
1470 718 1511 760 7

1108 834 1259 878 XXX.

478 937 558 990 “Ος
590 935 788 991 Φάλαρις
819 935 1043 989 Περίλαον
1069 934 1149 979 τὸν
1177 934 1453 1005 χαλκουργὸν
1482 935 1652 981 ἐκεῖνον

488 995 569 1039 τὸν
594 992 786 1037 Ἀττικὸν
814 991 1080 1035 κατέκαυσεν
1109 992 1157 1034 ἐν
1184 991 1332 1049 ταύρῳ
1362 997 1423 1050 τῷ
1451 992 1628 1051 χαλκέῳ.

489 1054 621 1103 οὗτος
645 1050 731 1107 γάρ
760 1048 811 1092 τὸ
841 1047 1073 1118 μηχάνημα
1101 1052 1185 1092 τοῦ
1213 1051 1383 1104 ταύρου
1397 1037 1743 1119 χαλκουργήσας

490 1114 582 1160 τοῖς
609 1108 856 1177 μυξωτῆρσι
883 1109 965 1148 τοῦ
994 1104 1102 1175 βοὸς
1128 1105 1353 1162 έτέκτηνεν
1382 1105 1646 1158 αύλίσκους,

406 1167 434 1210 5
492 1165 701 1215 άνέπτυξε
729 1163 802 1206 καὶ
830 1163 986 1231 θύραν
1010 1162 1056 1206 66
1086 1163 1195 1217 πρὸς
1223 1167 1285 1220 τῷ
1311 1167 1485 1232 πλευρῷ
1514 1167 1595 1206 τοῦ
1625 1161 1815 1215 ταύρου·

487 1224 562 1266 καὶ
592 1224 740 1276 δῶρον
769 1222 842 1288 τῷ
861 1217 1075 1273 Φαλάριδι
1104 1223 1266 1263 τοῦτον
1293 1219 1374 1263 τόν
1401 1224 1570 1273 ταῦρον
1598 1218 1708 1276 ἄγει.

495 1278 692 1333 Φάλαρις
722 1277 768 1319 δὲ
797 1274 875 1319 τὸν
905 1274 1145 1331 ανθρωπον
1173 1275 1220 1319 ἐν
1249 1275 1410 1331 δώροις
1437 1279 1675 1328 δεξιοῦται,

487 1336 538 1379 τὸ
564 1335 611 1378 δὲ
641 1334 871 1403 μηχάνημα
899 1338 1023 1384 θεοῖς
1051 1337 1296 1401 καθιεροῦν
1326 1335 1504 1377 κελεύει.

489 1392 547 1442 ὡς
575 1389 618 1434 δ’
650 1388 898 1441 ἀναπτύξας
925 1388 974 1432 τὸ
1003 1388 1195 1444 πλευρὸν
1226 1389 1250 1433 6
1278 1389 1547 1460 χαλκουργὸς
1574 1387 1738 1438 ἐκεῖνος

406 1454 460 1494 10
490 1447 625 1493 δόλον
652 1447 732 1490 τὸν
760 1444 1071 1514 κακομήχανον
1101 1446 1263 1498 ἐξεῖπεν
1293 1444 1634 1516 ἀπανθρώπως,

486 1507 548 1548 Εἴ
572 1520 671 1547 τινα
699 1501 874 1572 βούλει,
907 1501 1103 1556 Φάλαρι,
1132 1503 1333 1556 κολάζειν
1360 1508 1450 1547 τῶν
1483 1500 1758 1572 ἀνθρώπων,

483 1563 616 1606 ε’νδον
644 1563 726 1603 τοῦ
757 1559 927 1613 ταύρου
957 1559 1214 1614 κατειργνὺς
1242 1564 1333 1615 πῦρ
1356 1557 1650 1630 ’ὑποστρωννυ
1673 1556 1813 1601 κάτω·

483 1617 602 1670 δόξει
631 1615 674 1660 δ’
706 1614 730 1659 ὁ
758 1620 922 1670 ταῦρος
952 1621 1207 1671 στεναγμοῖς
1236 1620 1463 1686 μυκᾶσθαι
1491 1620 1582 1667 τοῖς
1609 1614 1798 1664 ἐκείνου,

484 1676 540 1718 σύ
571 1671 611 1717 δ’
642 1672 807 1741 ἡδονήν
836 1677 930 1723 τοῖς
960 1678 1216 1741 στεναγμοῖς
1245 1672 1350 1725 ἕξεις
1379 1671 1531 1723 αὐλοῖς
1558 1669 1804 1727 μυκτήρων.

401 1737 453 1778 15
483 1735 618 1774 τοῦτο
647 1731 807 1786 μαθων
840 1727 864 1772 6
901 1728 1096 1784 Φάλαρις
1123 1731 1197 1773 καὶ
1227 1730 1464 1786 μυσαχθεὶς
1492 1729 1684 1781 ἐκεῖνον,

468 1788 592 1844 Ἄγε,
625 1788 751 1842 φησί,
787 1785 1078 1840 Περίλαε,σύ
1106 1790 1278 1841 πρῶτος
1310 1788 1454 1840 δεῖξον
1481 1790 1639 1836 τοῦτο,

478 1846 554 1889 καὶ
581 1843 685 1894 τοὺς
710 1842 956 1894 αὐλοῦντας
983 1845 1191 1913 μίμησαι,
1222 1843 1453 1896 τράνωσόν
1483 1854 1566 1887 σου
1593 1840 1674 1898 τήν
1701 1838 1866 1897 τέχνην.

478 1919 540 1953 ως
569 1902 615 1944 δὲ
645 1900 815 1953 παρέδυ
845 1899 1029 1968 μιμητὴς
1057 1902 1197 1956 δῆθεν
1226 1904 1312 1944 τῶν
1343 1898 1630 1972 αὐλημάτων,

477 1959 607 2002 κλείει
636 1956 716 2000 τόν
744 1959 912 2010 ταῦρον
944 1955 1140 2010 Φάλαρις
1167 1957 1241 1999 καὶ
1271 1962 1359 2012 πῦρ
1389 1954 1659 2009 έπισωρεύει.

394 2023 450 2063 20
481 2015 598 2065 ὅπως
628 2013 674 2057 δὲ
702 2012 751 2056 τό
779 2012 1092 2084 χαλκούργημα
1119 2014 1275 2056 θανών
1293 2013 1361 2083 μή
1393 2012 1602 2070 ἐμμιάνῃ,

476 2088 587 2115 κατα
616 2073 790 2124 πετρῶν
818 2068 1074 2139 ἐκρήμνισεν
1103 2069 1252 2122 ἐξάξας
1280 2070 1448 2139 ἡμιθν
1424 2088 1517 2126 ητα.

482 2129 654 2183 Γράφει
682 2126 782 2181 περὶ
812 2130 892 2169 τοῦ
920 2126 1090 2182 ταύρου
1119 2126 1166 2170 66
1195 2127 1446 2178 Λουκιανὸς
1475 2128 1498 2172 ὁ
1529 2122 1707 2198 Σύρος,

475 2185 710 2239 Διόδωρος
739 2182 813 2226 καὶ
843 2183 1093 2236 Πίνδαρος,
1125 2182 1208 2226 σὺν
1236 2183 1410 2235 τούτοις
1439 2201 1483 2228 τε
1512 2184 1676 2239 μυρίοι.

589 2243 772 2284 Tzetzes
804 2239 916 2282 Chil.
939 2239 970 2283 Ι.
1001 2244 1099 2286 646.
1135 2256 1169 2283 s,
1223 2241 1351 2284 Conf.
1373 2242 1480 2284 Exc.
1500 2243 1598 2285 Vat
1628 2255 1674 2298 p.
1696 2243 1766 2284 22.
1798 2241 1865 2283 17.

1087 2363 1257 2406 XXXI.

581 2465 821 2520 Ἡρόδοτος
848 2481 958 2509 κατα
988 2465 1158 2523 Ξέρξην
1185 2468 1377 2536 γεγονώς
1398 2471 1496 2519 τοῖς
1522 2467 1699 2525 χρόνοις
1727 2469 1864 2525 φησὶν

470 2521 729 2577 Ἀσσυρίους
753 2523 823 2578 ἔτη
846 2524 1110 2566 πεντακόσια
1133 2524 1353 2580 πρότερον
1380 2530 1456 2582 τῆς
1477 2524 1619 2576 Ἀσίας
1648 2526 1862 2595 ἄρξαντας

472 2579 560 2623 ὑπὸ
600 2580 774 2649 Μήδων
811 2584 1128 2649 καταλυθῆναι.
1177 2581 1323 2625 ἔπειτα
1361 2582 1539 2637 βασιλέα
1577 2582 1656 2638 μὲν
1693 2581 1860 2651 μηδένα

471 2636 680 2691 γενέσθαι
707 2635 786 2679 τὸν
817 2634 1204 2707 άμφιςβητήσοντα
1233 2655 1322 2681 των
1355 2639 1469 2682 ὅλων
1505 2638 1574 2682 ἐπὶ
1601 2638 1764 2689 πολλάς
1791 2654 1857 2694 γε-

416 2703 442 2744 5
471 2693 591 2743 νεοὶς,
623 2692 701 2744 τοὶς
723 2693 770 2736 66
799 2692 946 2743 πόλεις
974 2692 1084 2736 καθ’
1114 2693 1271 2745 ἑαυτὰς
1296 2695 1562 2751 ταττομένας
1591 2698 1854 2739 διοικεῖσθαι

470 2752 823 2805 δημοκρατικῶς·
861 2750 909 2793 τὸ
949 2750 995 2792 δὲ
1032 2754 1280 2794 τελευταῖον
1307 2757 1482 2796 πολλῶν
1513 2752 1624 2795 ἐτῶν
1652 2753 1850 2797 διελθόν-

465 2823 554 2848 των
584 2809 817 2862 αἱρεθῆναι
847 2807 1026 2875 βασιλέα
1055 2807 1175 2861 παρὰ
1204 2813 1296 2859 τοῖς
1315 2809 1494 2866 Μήδοις
1516 2807 1656 2863 ἄνδρα
1686 2812 1849 2852 δικαιο-

462 2862 574 2921 σύνῃ
614 2863 861 2920 διάφορον,
900 2861 1044 2919 ὄνομα
1082 2864 1333 2923 Κυαξάρην.
1384 2870 1543 2910 τοῦτον
1579 2866 1626 2910 δὲ
1667 2869 1846 2924 πρῶτον
