1968 3346
315 245 617 290 EXCERPTA
647 241 936 288 VATICANA
962 243 1010 286 1..
1030 239 1183 285 XXVI
1191 240 1388 286 -xxx.
1488 245 1545 289 63

96 351 314 417 59εἷχεν’
297 375 345 403 εν
373 361 466 410 τοῖς
490 355 743 411 Ῥωμαίοις,
775 352 860 398 οὐκ
890 352 946 398 ἂν
973 353 1150 411 μετέστη
1178 353 1290 410 πρὸς
1318 321 1544 426 Καρχηδο-

150 421 297 468 νίους·
332 417 418 459 νῦν
446 413 492 457 δὲ
522 417 718 483 φανερᾶς
748 411 893 481 οὔσης
911 416 987 467 τῆς
1015 428 1104 455 των
1132 414 1351 481 πολεμίων
1385 429 1543 482 υπερο-

149 478 227 536 χῇς
256 474 327 519 καὶ
359 475 439 515 τοῦ
469 469 683 513 κινδύνου
712 475 806 520 ταῖς
835 468 993 535 πύλαις
1022 468 1266 538 ἐφεστῶτος
1294 466 1542 538 ἀναγκαῖον

151 537 267 575 εἰναι
296 534 392 580 ταῖς
419 527 657 598 υπεροχαῖς
687 528 831 569 εἴκειν.
862 525 1004 583 τούτῳ
1035 526 1081 569 δὲ
1101 530 1161 584 τῷ
1188 524 1336 584 τρόπῳ
1357 539 1538 570 παντων

151 583 546 645 συγκαταθεμένων
575 586 896 639 προςτίθεσθαι
924 588 1016 635 τοῖς
1045 571 1369 639 Καρχηδονίοις
1565 594 1595 637 5

253 654 352 698 ’Ότι
378 651 407 709 ἡ
439 650 699 709 ανθρωπίνη
732 650 866 708 φύσις
901 651 980 708 τὴν
1019 647 1220 707 ἆσυνήθη
1260 654 1350 694 τῶν
1387 645 1539 695 πόνων

149 712 335 781 ασκησιν
367 710 442 754 καὶ
472 711 644 753 δίαιταν
674 708 825 766 εὐτελῆ
855 711 1074 778 δυςχερῶς
1101 709 1346 765 προςίεται,
1376 707 1460 766 τήν
1489 709 1538 754 δὲ

150 767 382 827 ῥᾳστώνην
410 767 485 811 καὶ
513 765 690 824 τρυφὴν
721 767 902 822 ἑτοίμως
932 761 1095 810 διώκει.

265 851 316 890 ΙΙ.
352 848 538 911 Ποικίλη
570 845 615 890 δέ
644 863 710 898 τις
739 845 966 903 ἀνωμαλία
994 849 1160 915 κατεῖχε
1182 861 1261 895 τας
1281 841 1445 896 πόλεις,
1478 842 1538 896 ὥς

150 904 209 952 ἄν
236 909 311 961 τῆς
340 902 551 960 ὁμονοίας
581 907 716 958 δεῦρο
746 887 922 948 κάκεῖσε
951 901 1175 959 λαβούσης
1202 901 1279 953 τὰς
1309 898 1463 959 ῥοπάς.
1543 910 1594 950 ιο

252 972 350 1015 ’Ότι
363 978 474 1042 ταῖς
507 989 598 1015 των
633 988 904 1028 πραγματων
941 972 1202 1026 μεταβολαῖς
1232 969 1305 1014 καὶ
1333 987 1412 1022 τας
1447 974 1538 1014 τῶν

151 1032 295 1086 φίλων
324 1023 498 1080 ευνοίας
520 1035 708 1084 θεωρεῖν
738 1029 826 1072 §.aaz
860 1026 1315 1084 συμμεταβαλλούσας.

251 1098 350 1142 ’Ότι
382 1099 428 1140 αἱ
452 1101 542 1140 τῶν
571 1095 756 1152 α’γαθῶν
775 1095 953 1152 ανδρῶν
983 1094 1134 1152 ἀρεταὶ
1162 1096 1238 1139 καὶ
1265 1096 1384 1154 παρά
1415 1101 1537 1142 πολε-

149 1157 270 1212 μίοις
299 1156 434 1198 ἐνίοτε
463 1153 730 1209 τυγχάνουσι
759 1158 895 1210 τιμῆς.

252 1222 350 1266 ’Ότι
380 1222 536 1266 πολλαὶ
567 1226 774 1277 γυναῖκες
801 1223 875 1266 καὶ
904 1220 1120 1276 παρθένοι
1149 1220 1223 1265 καὶ
1250 1223 1402 1273 παῖδες
1423 1222 1536 1266 ἐλεύ-
1544 1229 1594 1274 15

149 1283 277 1335 θεροι
317 1282 577 1324 συνείποντο
609 1284 700 1330 τοῖς
737 1283 996 1336 Καπυηνοῖς
1032 1278 1105 1321 διὰ
1133 1278 1215 1336 τὴν
1245 1276 1436 1347 ἀπορίαν
1463 1297 1540 1351 της

150 1340 341 1394 τροφῆς·
373 1338 448 1381 καὶ
472 1337 557 1393 γὰρ
587 1335 775 1392 πόλεμος
805 1337 941 1381 ἐνίοτε
970 1337 1164 1393 βιάζεται
1195 1334 1300 1387 τούς
1319 1335 1430 1380 κατὰ
1458 1338 1540 1395 τήν

289 1465 346 1499 67.
372 1465 403 1498 6.
443 1458 606 1519 συνήθη]
632 1463 694 1496 Ea.
721 1457 909 1516 ‘iffvwiffl
940 1462 1040 1496 MAI.

291 1512 347 1546 67.
371 1511 405 1545 7.
439 1507 619 1553 δυσχερες]
655 1511 718 1543 Ed.
744 1509 940 1564 ὸυσχερῶς.
978 1508 1079 1543 MAI.

289 1559 345 1592 67.
371 1558 403 1591 8.
435 1555 507 1591 ἑτοι
503 1558 585 1599 ’,μω
574 1557 601 1599 ]
629 1557 721 1589 Male
744 1558 780 1590 in
807 1558 862 1589 ed.
888 1551 1038 1600 ὁμοίως.
1073 1555 1171 1589 MAI.

289 1605 347 1639 67.
375 1605 430 1638 12.
465 1601 552 1648 ἔστι]
582 1602 679 1638 ἐστιν
705 1604 759 1637 ed.
784 1605 887 1637 Rom.

242 1727 298 1761 67.
325 1726 358 1762 8.
391 1728 472 1762 Hoc
493 1728 753 1773 fragmentum.
778 1739 856 1761 cum
881 1727 1001 1769 aliqua
1024 1725 1194 1760 varietate
1218 1723 1406 1769 scriptum,
1430 1720 1544 1760 habe-

151 1782 230 1808 mus
253 1775 359 1808 etiam
382 1775 419 1808 in
451 1772 552 1808 editis
582 1776 710 1817 frawm.
742 1773 826 1808 libri
844 1774 974 1808 XXVI.
1007 1785 1041 1817 p.
1059 1773 1150 1813 5143
1183 1773 1275 1806 unde
1300 1772 1543 1817 cognoscimus

152 1821 281 1855 iustam
306 1820 379 1854 eius
402 1822 530 1854 sedem.
560 1821 660 1855 HA!

246 1867 383 1901 (5110
430 1865 537 1901 Haud
567 1867 639 1900 scio
674 1878 720 1900 an
754 1866 797 1898 de
827 1865 937 1899 variis
969 1864 1169 1898 italicarum
1206 1863 1346 1898 urbium
1372 1865 1542 1908 partibus,

151 1914 257 1947 modo
289 1914 332 1946 ad
356 1914 534 1947 Romanos
567 1913 672 1946 modo
706 1913 751 1946 ad
774 1913 910 1946 Poenos
942 1910 1177 1945 deficientium
1205 1920 1319 1945 sermo
1343 1908 1389 1945 sit
1411 1911 1448 1945 in
1471 1913 1542 1946 hoc

153 1964 187 1994 et
210 1963 371 2002 sequente
393 1961 606 2004 fragmento.
642 1959 740 1993 MAI.

245 2005 385 2040 (57.14.
420 2007 634 2040 Dubitabam
658 2003 757 2049 loqui
780 2006 960 2038 auctorem
985 2002 1028 2036 de
1045 2001 1170 2047 Magio
1194 2001 1353 2047 principe
1371 2014 1544 2048 capuano,

151 2051 215 2096 qui
237 2055 375 2085 mutare
396 2052 499 2086 fidem
519 2052 690 2086 Romanis
707 2053 828 2085 datam
850 2050 981 2090 noluit3
1006 2060 1178 2092 quemque
1201 2050 1416 2083 Hannibal
1406 2062 1441 2083 lu
1464 2051 1543 2084 vin-

152 2099 234 2132 cula
257 2098 422 2141 coniecit,
457 2099 517 2132 sed
550 2098 748 2132 interficere
774 2108 842 2130 non
874 2100 925 2130 est
957 2106 1075 2130 ausus.
1125 2096 1190 2129 ule
1213 2100 1331 2129 autem
1356 2096 1401 2129 ad
1424 2097 1543 2131 Ptole-

151 2156 293 2179 maeum
316 2149 522 2188 tempestate
544 2144 698 2186 delatus,
721 2144 922 2178 libertatem
946 2153 967 2177 a
990 2150 1076 2187 rege
1097 2143 1141 2176 ob
1167 2152 1268 2176 suam
1285 2142 1454 2176 virtutem
1473 2144 1544 2178 im⁴

151 2191 316 2236 petravit.
347 2191 425 2225 Liv.
447 2192 577 2225 XXIII.
604 2191 660 2226 10.
689 2190 790 2226 MAI.

246 2237 305 2272 67.
328 2238 386 2273 17.
423 2238 548 2273 Adhuc
572 2238 614 2271 de
635 2237 776 2271 luxuria
796 2236 1056 2280 Campanorum
1080 2234 1238 2278 loquitur
1268 2237 1411 2275 auctor3
1443 2236 1544 2271 cuius

153 2284 376 2326 reprehensio
398 2284 439 2318 fit
462 2284 570 2318 etiam
592 2284 627 2317 in
646 2288 800 2318 extremo
824 2283 1023 2337 fragm-ento
1040 2281 1133 2315 edito
1148 2280 1231 2314 iibri
1247 2281 1375 2315 XXVI.
1400 2293 1433 2325 p
1453 2282 1544 2325 514,

156 2328 301 2371 [Confer
323 2330 497 2364 Zonaram
523 2329 585 2364 IX.
610 2330 643 2364 6.
691 2330 862 2363 Videntur
894 2329 987 2362 enim
1017 2327 1134 2371 potius
1163 2327 1230 2371 ipsi
1254 2327 1425 2371 Campani
1455 2339 1543 2372 pau—

152 2375 285 2418 periem
308 2387 330 2410 a
348 2376 518 2410 Romanis
540 2376 729 2410 victoribus
753 2387 848 2420 passn
852 2375 985 2411 ..MAI
1011 2374 1048 2407 in
1068 2373 1170 2417 Adel]
1198 2373 1288 2407 unde
1310 2378 1418 2418 patet,
1442 2376 1544 2421 frag

154 2426 311 2455 mentum
333 2422 401 2455 hoc
423 2422 626 2456 vaticanum
649 2434 691 2455 ex
715 2423 836 2456 eodem
862 2421 953 2455 libro
978 2429 1052 2454 esse
1075 2420 1288 2463 decerptum.

248 2468 295 2502 Et
325 2468 574 2502 hoescheliana
607 2468 747 2512 quidem
782 2469 981 2512 fragmenta
1013 2466 1097 2499 libri
1121 2465 1332 2499 XXV1.in
1364 2467 1544 2510 praedicta

153 2512 230 2547 fere
247 2515 508 2558 Campanorum
528 2514 667 2547 luxuria
690 2526 762 2547 cess
765 2525 825 2547 are
846 2513 988 2547 scimus.
1037 2512 1223 2545 Valesiana
1245 2517 1362 2545 autem
1385 2513 1421 2547 in
1441 2515 1545 2548 Wes-

153 2559 296 2604 selingii
320 2560 469 2594 editione
499 2572 540 2594 ex
567 2561 658 2594 libro
679 2560 810 2594 XXVI.
852 2560 1097 2593 continuantur
1127 2558 1216 2591 indis
1221 2557 1338 2591 tinctis
1362 2559 1463 2594 libris
1485 2572 1542 2594 us-

155 2617 224 2649 que
248 2606 293 2640 ad
317 2607 458 2648 XXXI,
484 2606 520 2640 in
548 2618 618 2650 quo
643 2607 833 2650 photianae
857 2605 1042 2640 ordiuntur
1064 2605 1219 2648 eclogae.
1267 2605 1428 2640 lamvero
1459 2607 1544 2649 quia

154 2652 336 2686 vaticanus
370 2654 477 2687 codex
510 2653 682 2686 lilnorum
716 2653 767 2685 di
762 2652 970 2686 tinctionem
1005 2662 1115 2693 neque
1148 2651 1218 2683 hoc
1249 2650 1328 2683 loco
1362 2663 1473 2696 neque
1506 2653 1544 2686 in

155 2697 234 2732 aliis
257 2698 432 2742 plerisque
454 2699 580 2733 habet:
612 2703 646 2732 ct
669 2698 753 2742 quia
775 2707 844 2743 ego
866 2698 1011 2731 ducibus
1035 2694 1124 2735 iuis,
1147 2707 1233 2739 quos
1257 2696 1423 2731 hactenus
1446 2709 1544 2733 eram

157 2749 315 2786 secutus,
339 2745 528 2786 destituor,
559 2745 717 2788 equidem
743 2756 853 2788 cogor
875 2743 1038 2778 vaticana
1068 2743 1269 2786 fragmenta
1293 2753 1315 2776 a
1339 2744 1468 2778 XXVI.
1500 2745 1546 2778 li-

157 2783 223 2820 bro
246 2790 289 2820 ad
312 2791 443 2825 XXXI.
470 2791 681 2835 conglobata
702 2801 852 2834 ponere,
874 2788 1058 2834 quodiam
1082 2788 1182 2821 feci
1171 2800 1207 2821 ιιι
1232 2790 1399 2832 excerptis
1424 2801 1446 2824 a
1471 2791 1545 2825 111.

158 2832 227 2913 ⁸:21·
226 2831 436 2914 Xmgfquid
465 2837 639 2873 arbitratu
670 2848 750 2872 meo
782 2840 816 2872 et
848 2836 923 2872 siue
945 2834 1126 2881 probabili
1158 2833 1295 2870 ratione
1318 2845 1425 2881 agere
1447 2836 1546 2872 vide-

1211 2926 1277 2971 5*
