1968 3346
499 187 558 235 «io
783 181 1087 225 ExcERP'rA
1114 182 1307 236 PHQ'ru
1335 183 1607 235 1..xxxv1.

499 296 592 341 λῶν
625 291 706 349 μὲν
754 290 1102 364 ἀναιρεθέντων,
1150 297 1240 337 τῶν
1283 294 1331 339 δὲ
1367 298 1536 339 λοιπῶν
1576 296 1828 352 ῥιψάντων
1840 302 1894 347 τοὶ

411 355 469 396 30
499 350 612 393 ὅπλα
650 350 725 393 καὶ
756 355 906 420 φυγῇ
922 350 1047 405 μόλις
1094 351 1414 394 διασωθέντων.
1457 353 1530 399 καὶ
1571 356 1615 397 οἱ
1650 354 1894 403 ἀποσταται

496 405 644 449 ὅπλων
672 422 716 450 τε
745 405 1064 463 εὐπορήσαντες
1091 406 1316 451 τοσούτων
1337 407 1511 463 αθρόον
1538 411 1612 454 καὶ
1633 413 1755 469 νίκης
1783 416 1892 467 θρα-

495 462 681 516 σύτερον
718 464 886 518 εἴχοντο
925 469 1016 507 τῶν
1056 465 1216 519 ἔργων,
1271 465 1346 508 καὶ
1391 481 1549 517 παντες
1589 484 1678 510 των
1718 469 1893 514 δούλων

489 518 821 590 ἐμετεωρίζοντο
850 519 962 572 πρὸς
993 519 1243 565 ἀπόστασιν.
1285 522 1360 564 καὶ
1389 527 1566 566 πολλῶν
1597 522 1694 567 καθ’
1725 525 1965 597 ἡμέραν533

406 578 463 622 35
493 574 804 631 ἀφισταμένων
831 575 1054 647 σύντομον
1083 579 1157 620 καὶ
1194 577 1450 632 παράδοξον
1487 579 1736 650 ἐλάμβανον
1766 582 1894 654 αὔξη·
1959 599 1962 603 ·

490 644 585 684 σιν,
631 649 693 683 ως
731 632 779 676 ἐν
818 632 985 688 ὀλίγαις
1020 632 1204 690 ἡιιέραις
1240 637 1435 686 πλείους
1446 636 1652 691 γενέσθαι
1684 654 1774 681 των
1802 639 1893 693 εξα.

488 691 720 744 κιςχιλίων.
752 689 823 733 ὅτε
842 690 895 746 δὴ
919 691 991 733 καὶ
1022 693 1083 741 εἰς
1111 691 1343 746 ἐκκλησίαν
1373 692 1664 746 συνελθόντες
1692 712 1765 738 και
1785 700 1891 766 βου-

486 749 566 800 λῆς
589 748 888 813 προτεθείσης
924 751 1102 801 πρῶτον
1139 763 1218 802 μεν
1254 750 1426 792 εἵλαντο
1465 751 1647 804 βασιλέα
1683 751 1762 795 τὸν
1792 750 1892 797 ὀνο-

487 801 735 863 μαζόμενον
754 787 995 855 Σαλούιον,
1028 805 1249 847 δοκοῦντα
1277 809 1354 858 τῆς
1376 807 1654 859 ἱεροσκοπίας
1681 808 1890 862 ἔμπειρον

403 859 459 904 40
490 864 604 902 εἰναι
622 875 697 901 και
712 876 806 909 ταις
827 861 1097 915 γυναικείαις
1124 860 1249 910 θέαις
1268 860 1620 916 αὐλομανοῦντα.
1653 871 1783 916 οὑτος
1813 869 1889 922 βα-

489 915 691 966 σιλεύσας
731 915 809 966 τὰς
851 933 931 971 μεν
971 916 1120 967 πόλεις
1155 915 1307 972 ἀργίας
1351 934 1424 961 και
1471 923 1645 989 τρυφῆς
1695 924 1888 977 νομίζων

487 972 721 1025 ἐξέκλινεν,
748 973 810 1023 εἰς
837 974 937 1028 τρία
967 973 1013 1016 δὲ
1041 974 1221 1029 μερίσας
1249 973 1354 1025 τούς
1382 973 1632 1027 α’ποστάτας
1660 978 1732 1021 καὶ
1761 980 1887 1031 ἰ’σους

483 1027 703 1083 ἡγεμόνας
737 1028 1059 1099 ἐγκαταστήσας
1097 1035 1192 1081 ταῖς
1230 1032 1394 1084 μερίσι,
1432 1031 1691 1087 προςέταξεν
1720 1034 1887 1080 ἐπιέναι

403 1084 458 1129 45
487 1101 570 1155 την
607 1085 756 1141 χώραν
808 1087 883 1130 καὶ
922 1086 1035 1139 πρὸς
1073 1086 1151 1130 ε’να
1192 1086 1330 1131 τόπον
1373 1104 1449 1131 και
1487 1089 1645 1144 καιρὸν
1691 1090 1886 1143 ἅπαντας

485 1139 698 1186 ἀπαντᾶν.
742 1141 811 1187 διὸ
850 1148 1024 1188 πολλῶν
1062 1143 1110 1187 ἐκ
1137 1147 1232 1216 τῆς
1261 1144 1487 1196 ἐπελασίας
1516 1145 1659 1190 ἄλλων
1684 1164 1731 1191 τε
1761 1147 1885 1216 ζῴων

483 1199 560 1243 ’καὶ
593 1201 736 1243 ’ἵππων
766 1198 1101 1271 εὐπορήσαντες,
1131 1201 1179 1245 ἐν
1210 1199 1341 1259 ὀλίγῳ
1371 1201 1516 1260 χρόνῳ
1537 1204 1882 1275 κατεσκευάσθη-

484 1267 568 1312 σαν
599 1259 742 1308 ἱππεῖς
762 1274 841 1312 μεν
869 1260 1046 1311 πλείους
1072 1276 1162 1303 των
1192 1261 1429 1314 διςχιλίων,
1459 1261 1578 1312 πεζοὶ
1598 1260 1644 1304 δὲ
1664 1260 1746 1304 οὐκ
1765 1261 1882 1305 ἐλάτ-

483 1329 591 1364 τους
627 1318 716 1357 τῶν
754 1317 1013 1371 διςμυρίων,
1068 1315 1152 1386 ἤᾷη
1197 1332 1272 1358 και
1301 1318 1581 1386 γυμνασίαις
1622 1322 1883 1388 πολεμικαῖς

398 1373 458 1418 50
487 1369 858 1426 ἐνὸιαπρέποντες.
899 1373 1214 1427 προςπεσόντες
1263 1375 1348 1416 οὐν
1365 1371 1519 1444 α’φνω
1574 1372 1699 1418 πόλει
1742 1373 1882 1433 ὀχυρᾷ

419 1465 422 1469 ,
484 1430 775 1497 Μοργαντίνῃ
810 1430 1053 1485 προςβολὰς
1093 1431 1278 1485 ἐνεργεῖς
1306 1429 1381 1473 καὶ
1410 1435 1601 1485 συνεχεῖς
1629 1430 1878 1475 ἐποιοῦντο.

483 1500 508 1527 ο
540 1484 587 1527 δὲ
617 1487 858 1555 στρατηγὸς
888 1504 944 1538 ως
972 1487 1230 1555 βοηθήσων
1240 1503 1293 1544 τη
1322 1485 1447 1529 πόλει
1477 1486 1695 1540 ἐπελθων,
1727 1494 1888 1531 νυκτο-“

479 1542 617 1610 πορίςι
655 1543 950 1611 χρησάμενος,
992 1544 1100 1599 έχων
1136 1539 1230 1599 μεθ’
1269 1543 1430 1586 ἑαυτοῦ
1461 1541 1701 1594 Ἰταλιώτας
1730 1561 1774 1588 τε
1803 1545 1879 1588 καὶ

396 1598 453 1644 55
482 1596 530 1640 ἐκ
559 1602 764 1651 Σικελίας
805 1601 957 1656 σχεδὸν
997 1600 1262 1655 στρατιώτας
1294 1600 1504 1667 μυρίους,
1534 1600 1753 1673 κατέλαβε
1771 1618 1879 1652 τους

481 1652 731 1708 ἀποστάτας
752 1654 1113 1727 ασχολουμέυους
1140 1657 1239 1710 περὶ
1269 1656 1350 1712 τήν
1379 1658 1652 1710 πολιορκίαν,
1684 1657 1756 1701 καὶ
1788 1657 1876 1702 ἐπι-

477 1710 666 1766 θέμενος
706 1712 853 1757 αὐτῶν
891 1719 945 1771 τῆ
984 1717 1257 1783 παρεμβολῇ,
1296 1712 1370 1756 καὶ
1404 1711 1551 1766 εὑρων
1590 1712 1767 1768 ὀλίγους
1795 1731 1877 1770 μεν

477 1783 584 1819 τους
614 1769 940 1840 φυλαττοντας,
970 1776 1140 1827 πλῆθος
1169 1771 1216 1824 δὲ
1236 1773 1460 1825 γυναικῶν
1489 1770 1773 1825 αἰχμαλώτων
1801 1771 1876 1816 καὶ

477 1827 598 1877 λείας
636 1826 768 1884 ἄλλης
804 1830 1140 1878 παντοδαπους,
1171 1821 1335 1884 ραδίως
1365 1827 1494 1878 ἐξεῖλε
1525 1843 1605 1882 την
1632 1838 1876 1881 στρατοπε-

393 1886 450 1928 60
480 1882 615 1928 δείαν.
654 1886 727 1928 καὶ
763 1885 927 1940 ταύτην
941 1901 1043 1955 μεν
1082 1872 1344 1954 διήρπασεν,
1383 1884 1452 1927 ἐπὶ
1483 1882 1528 1926 δε
1557 1883 1636 1938 τήν
1665 1887 1875 1939 Μοργαν-

477 1939 602 2008 τίνην
630 1944 748 1997 ἠγεν.
779 1945 824 1986 οἱ
851 1941 896 1986 6⁷
926 1939 1167 1985 ἀποσταται
1195 1940 1402 1995 ἐξαίφνης
1427 1938 1767 1993 ἀντεπιθέμενοι,
1799 1941 1875 1985 καὶ

476 1993 739 2051 υπερδέξιον
768 1999 849 2056 τὴν
888 1997 1044 2042 στάσιν
1073 1998 1265 2057 ἔχοντες,
1295 1999 1459 2067 βιαίως
1476 2011 1521 2039 τε
1550 1995 1872 2051 ἐπιρράξαντες,

478 2052 618 2107 εὐθὺς
664 2055 734 2098 ἐπὶ
776 2053 1103 2111 προτερήματος
1154 2057 1287 2123 ησαν·
1337 2055 1382 2096 οἱ
1420 2053 1466 2096 δὲ
1503 2057 1584 2096 τοῦ
1624 2057 1872 2123 στρατηγοῦ

394 2112 449 2156 65
479 2111 729 2167 ἐτράπησαν
769 2113 883 2167 πρός
921 2112 1081 2182 φυγήν.
1117 2114 1199 2154 τοῦ
1238 2110 1284 2154 δὲ
1322 2110 1531 2166 βασιλέως
1560 2113 1649 2153 τῶν
1683 2108 1872 2155 αποστα-

476 2186 568 2212 των
597 2186 798 2237 κηρυγμα
826 2170 1134 2240 ποιησαμένου
1157 2167 1323 2224 μηδένα
1352 2169 1533 2210 κτείνειν
1561 2169 1647 2210 τῶν
1675 2167 1727 2209 τὰ
1757 2167 1872 2211 ὅπλα

477 2225 860 2295 ῥιπτούντων,οῑ
887 2230 1080 2269 πλεῖστοι
1110 2226 1364 2280 ῥιπτοῦντες
1393 2223 1593 2279 ἔφευγον.
1623 2223 1696 2266 καὶ
1725 2224 1868 2283 τούτῳ

475 2287 538 2342 τῷ
566 2281 717 2372 τρόπῳ
746 2282 1157 2340 καταστρατηγήσας
1192 2281 1298 2334 τοὺς
1325 2282 1562 2338 πολεμίους
1592 2277 1617 2324 ὁ
1646 2268 1868 2334 Σαλούιος

1952 1015 1965 1173 -..4.ςψ.
1959 955 1961 957 ,

566 2418 625 2453 32.
647 2419 790 2465 εἴχοντο
813 2421 924 2456 Amet.
939 2444 949 2463 ,
971 2419 1053 2455 edit.
1071 2419 1164 2454 enim
1188 2416 1316 2463 ἔχοντο

564 2486 646 2522 533.
669 2489 726 2523 38.
751 2489 896 2526 εἵλαντο
920 2490 950 2524 A
974 2490 1101 2529 Amst.‚
1126 2487 1253 2521 caeteri
1275 2485 1421 2521 εἴλοντο
1553 2483 1612 2521 39.
1636 2481 1699 2519 καὶ
1721 2485 1802 2526 ταῖς
1818 2485 1862 2531 A,

471 2533 603 2568 caeteri
626 2534 691 2569 καὶ
829 2537 886 2570 4⁰.
912 2533 1217 2579 αυλομανοῦντα]
1243 2530 1506 2587 ὑλομανοῦντα
1527 2530 1779 2584 wesselingius

473 2591 587 2621 ουτος
610 2600 654 2605 -
677 2580 735 2618 41.
758 2583 919 2625 νομίζων
943 2593 1012 2615 om.
1038 2582 1156 2615 Amst
1249 2579 1308 2614 41.
1337 2578 1405 2619 τοὶς
1428 2575 1495 2622 μὲν
1518 2576 1651 2611 addidit
1674 2578 1704 2611 Λ
1804 2576 1862 2614 52.

472 2624 678 2672 βοηθήσων
701 2631 754 2670 A,
788 2628 918 2663 caeteri
939 2628 1097 2673 βοηθῶν
1256 2625 1315 2659 53.
1337 2624 1581 2668 νυκτοπορίᾳ]
1611 2624 1862 2672 νυκτοπορείςι

640 2672 698 2708 55.
720 2675 894 2719 κατέλαβε
917 2685 983 2707 om.
1008 2676 1040 2708 A
1161 2669 1218 2706 56.
1241 2670 1474 2714 πολιορκίαν]
1497 2670 1718 2712 πολιορκίαν
1741 2681 1860 2705 κατα-

473 2673 599 2775 λΑαβων
621 2721 654 2755 Β
813 2722 870 2756 59.
894 2720 1161 2759 παντοδαποῦς
1182 2718 1233 2758 A,
1258 2717 1388 2752 caeteri
1408 2717 1650 2760 παντοδαπῆς
1803 2716 1860 2751 62.

473 2777 604 2802 στασιν
628 2768 678 2808 Α,
710 2768 838 2803 caeteri
861 2766 970 2822 τάξιν
1127 2760 1401 2807 ἐπιῤῥάξαντες]
1425 2731 1695 2806 ἐπαὸῥοῖξανῇς
1715 2762 1747 2796 Β

472 2813 529 2851 63
553 2813 613 2851 ἐπὶ
636 2815 819 2861 Scaliger·
841 2813 925 2852 libri
946 2808 1022 2850 υπὸ
1172 2809 1229 2846 66.
1253 2809 1482 2856 ῥιπτοῦντες]
1503 2809 1696 2856 ῥίπτοντες
1717 2809 1747 2843 Α
