1968 3346
341 231 641 274 EXCERPTA
672 228 956 271 VATICANA
987 229 1034 269 L.
1056 227 1279 270 V11.-X.
1478 233 1509 273 3

122 349 169 391 δὲ
199 345 394 390 ἐκέλευσε
422 345 647 386 ποιεῖσθαι
674 339 937 409 πρόνοιαν,
949 338 1017 382 ὅτι
1045 337 1210 394 θάτερα
1240 337 1387 386 αὐτῶν
1407 342 1505 387 κατ’

121 405 239 447 ἰδίαν
269 400 323 445 οὐ
355 399 539 445 δύναται
567 397 648 441 τόν
675 395 1074 466 περιποιησάμενον
1097 395 1340 467 ὠφελῆσαι·
1372 398 1506 443 οὐδὲν

119 460 205 516 γὰρ
241 460 403 515 ὄφελος
433 453 668 508 ἀνδρείους
697 453 828 504 ὄντας
864 452 1110 506 στασιάζειν
1141 453 1171 509 ἢ
1201 452 1410 510 ὁμονοεῖν
1438 460 1505 513 βε-

120 519 258 574 βαίως
288 512 459 563 δειλούς
489 510 632 562 ὄντας.

95 601 119 637 3
233 596 305 636 ΙΙΙ
350 592 450 634 Ὀτι
493 588 517 633 6
557 587 690 640 αὐτὸς
727 590 990 658 Λυκοῦργος
1026 586 1182 660 ἤνεγκε
1224 590 1418 647 χρησμὸν
1457 610 1505 637 εκ
1534 599 1561 639 5

119 654 309 706 Δελφῶν
345 647 445 701 περὶ
481 649 559 703 τῆς
588 646 881 702 φιλαργυρίας
918 643 997 689 τὸν
1033 660 1081 689 εν
1119 649 1359 702 παροιμίας
1387 648 1507 706 μέρει,

117 704 502 776 μνημονευόμενον

203 762 232 806 ἁ
262 761 582 830 φιλοχρηματία
612 758 831 811 Σπάρταν
860 756 971 810 ὀλεῖ,
1002 756 1107 800 άλλο
1139 757 1186 800 δε
1217 757 1373 802 ου’δέν·

201 818 256 875 δή
284 834 368 874 γαρ
400 815 693 886 ἀργυρότοξος
719 814 826 866 ἄναξ
856 812 1061 885 ἑκάεργος
1084 812 1307 858 Ἀπόλλων

286 873 563 944 χρυσοκόμης
593 872 693 928 ε’χρη
721 873 876 921 πίονος
905 870 947 922 ἐξ,
978 869 1169 921 αδύτου,
1507 895 1559 934 10

201 930 350 992 α’ρχειν
379 931 459 999 μὲν
490 933 659 998 βουλῆς
680 926 970 998 θεοτιμήτους
999 930 1226 996 βασιλῆας,

290 992 378 1032 οῖσι
406 986 525 1042 με’λει
556 983 766 1040 Σπάρτης
797 982 1027 1056 ἱμερόεσσα
1055 981 1204 1036 πόλις,

199 1048 504 1114 πρεσβυγενεῖς
534 1042 580 1085 δὲ
608 1040 883 1111 γέροντας,
870 1040 1014 1084 ε’πειτα
1043 1040 1088 1084 δὲ
1109 1039 1300 1096 δημότας
1324 1042 1502 1100 άνδρας,

290 1100 484 1150 εὐθείαις
514 1097 692 1168 ῥήτραις
719 1095 1195 1170 ανταπαμειβομένους.

200 1162 442 1227 μυθεῖσθαι
473 1155 517 1198 δὲ
546 1170 599 1197 τα
629 1152 741 1198 καλα
770 1154 845 1198 καὶ
877 1154 1018 1208 ε’ρδειν
1047 1153 1190 1198 πάντα
1220 1155 1390 1210 δίκαια,
1507 1177 1560 1219 15

288 1213 437 1270 μηδὲτι
467 1210 768 1281 ἐπιβουλεύειν
794 1212 898 1282 τῇδε
926 1209 1062 1254 πόλει.

202 1270 343 1329 δήμου
371 1285 416 1312 τε
445 1266 606 1337 πλήθει
633 1269 764 1323 νίκην
792 1268 867 1310 καὶ
895 1266 1060 1320 κάρτος
1089 1267 1294 1311 ε’·πεσθαι

287 1329 452 1383 Φοῖβος
481 1341 565 1381 γαρ
594 1325 695 1378 περὶ
723 1327 813 1367 τῶν
844 1318 922 1367 ὧδ’
954 1321 1148 1380 άνέφηνε
1177 1323 1316 1368 πόλει.

225 1398 300 1440 IV.
325 1394 425 1438 Ὀτι
449 1391 554 1444 τοὺς
573 1390 632 1449 μὴ
663 1389 1040 1448 διαφυλάττοντας
1066 1407 1147 1448 την
1174 1391 1287 1447 πρὸς
1303 1409 1353 1437 το
1377 1396 1504 1439 θεῖον

251 1487 285 1522 3.
312 1490 345 1524 2.
371 1480 724 1540 περιποιησάμενον]
756 1479 1088 1527 περιποιησόμενον
1111 1483 1168 1517 ed.
1189 1485 1291 1518 Rom.

250 1534 285 1568 3.
311 1533 344 1566 8
369 1528 459 1573 ὀλεῖ]
488 1528 564 1564 ἕλοι
588 1531 641 1564 ed.
665 1532 766 1562 Rom.

251 1575 524 1622 3.11.βουλῃ]
553 1577 643 1609 Plut.
669 1574 806 1621 βουλῆς
827 1573 927 1608 ΜΑΪ.
962 1573 1006 1606 Id
1031 1574 1161 1618 recepi.

252 1626 286 1659 3
313 1625 365 1658 12.
394 1589 596 1666 ἰχερόεσσα]
623 1622 716 1654 Plut.
743 1616 945 1664 ἱμερόεσσα.
971 1620 1068 1653 MAI.

253 1666 665 1725 3.13.πρεσβυγενεῖς]
692 1667 785 1700 Plut.
809 1664 1014 1711 πρεσβύτας
1047 1665 1144 1699 MAI.

251 1714 366 1751 3.14
393 1713 544 1759 εὐθείην
569 1711 719 1758 ῥήτρας]
748 1715 837 1747 Plut.
863 1712 1031 1751 εὐθείαις
1054 1709 1218 1755 ῥήτραις.
1251 1712 1348 1748 MAI.
1396 1716 1503 1758 Quod

160 1763 316 1807 reposui.
361 1764 398 1795 In
423 1763 491 1795 fine
516 1773 633 1794 versus
656 1760 814 1793 tollenda
836 1760 976 1792 videtur
999 1759 1250 1801 interpunctio.

253 1807 369 1843 3.15
392 1806 602 1850 μυθεῖσθαι
626 1802 680 1848 δὲ]
706 1804 858 1838 fortasse
881 1805 1103 1838 scribendum
1126 1804 1339 1846 μυθεῖσθαί
1356 1817 1406 1841 τε.

252 1855 286 1889 3.
313 1855 366 1888 16.
390 1851 520 1897 μηδέτι
543 1872 589 1877 —-
611 1849 727 1894 πόλει]
754 1854 808 1884 Ita
832 1863 869 1884 se
892 1852 998 1884 habet
1017 1851 1212 1884 versiculus
1238 1852 1274 1884 in
1297 1854 1374 1887 cod.
1399 1853 1500 1888 MAI.

160 1901 338 1935 Hariolari
360 1901 446 1934 licet
469 1895 560 1944 μηδ’
586 1893 838 1943 ἐπιβουλεύειν
860 1897 949 1942 τῇδε
975 1893 1081 1931 πόλει
1106 1908 1142 1930 τι
1165 1894 1293 1931 κακόν.

204 1990 238 2026 3.
262 1990 296 2026 8.
327 1988 418 2035 ελοι]
447 1991 532 2024 Vser
535 1989 646 2024 iculus
668 1989 739 2022 huc
762 1999 872 2031 usque
898 1990 993 2022 extat
1015 1987 1106 2031 apud
1128 1987 1360 2022 Plutarchum
1383 1989 1500 2024 lacon.

113 2037 193 2072 inst.
218 2037 287 2080 (ed.
311 2037 396 2071 Rei„
385 2038 431 2070 k.
457 2037 503 2071 T.
520 2037 577 2069 vl.
601 2047 634 2080 p.
654 2034 747 2078 891)
781 2034 841 2078 qui
873 2034 923 2068 ait
955 2034 1136 2067 oraculum
1169 2033 1205 2067 id
1238 2035 1369 2069 editum
1392 2035 1502 2070 fuisse

111 2082 292 2118 Alcameni
316 2087 351 2117 et
374 2083 604 2126 Theopompo
628 2081 790 2125 regibus3
823 2092 914 2113 nunc
937 2091 1021 2113 vero
1043 2079 1218 2113 Diodorus
1241 2080 1343 2114 docet
1368 2082 1502 2116 editum

111 2131 286 2175 Lycurgo.
335 2130 514 2173 Integrum
550 2127 763 2160 versiculum
794 2138 875 2160 cum
909 2126 1027 2159 codice
1059 2130 1129 2159 vat.
1164 2126 1306 2159 exhibet
1329 2127 1501 2162 Gallaeus

111 2188 147 2220 p.
167 2176 224 2209 41.
272 2175 366 2208 Tum
390 2175 484 2229 apud
505 2174 736 2208 Plutarchum
759 2176 793 2207 et
817 2172 1003 2206 Gallaeum
1026 2171 1186 2213 inscitia,
1204 2176 1242 2206 ut
1264 2175 1368 2216 puto,
1392 2174 1502 2209 libra—

110 2222 244 2256 riorum
271 2221 435 2254 scribitur
459 2217 759 2274 οἷφιλοχρηματιά
782 2230 846 2263 pro
870 2215 895 2253 ἁ
920 2218 1217 2262 φιλοχρηματίας
1241 2223 1275 2252 et
1299 2219 1440 2261 quidem
1463 2221 1501 2254 in

113 2268 232 2300 codice
259 2267 435 2300 evidenter
468 2272 521 2300 est
544 2266 685 2310 spiritus
714 2265 837 2298 densus
867 2275 971 2306 supra
1001 2264 1189 2297 articulum
1212 2260 1247 2297 ἆ.
1294 2265 1384 2298 Item
1407 2267 1501 2309 apud

110 2313 342 2347 Plutarchum
365 2323 427 2356 pro
451 2309 525 2347 ε’λοι
548 2311 678 2366 legitur
700 2309 800 2349 ὀλεῖς
824 2311 884 2344 sed
904 2311 1074 2344 Gallaeus
1090 2310 1257 2344 consentit
1279 2322 1360 2344 cum
1382 2311 1501 2346 codice

112 2362 186 2392 vat.
231 2358 342 2391 Porro
376 2356 669 2392 Lacedaemonios
708 2357 878 2401 pecuniae
908 2367 1018 2399 prava
1050 2356 1240 2398 cupiditate
1272 2357 1502 2400 laboravisse,

114 2409 218 2448 atque
252 2404 297 2437 ob
321 2404 356 2437 id
380 2404 507 2438 vitium
538 2415 647 2447 remp.
684 2402 874 2447 perdidisse
908 2401 958 2435 ait
989 2401 1067 2435 aliis
1098 2402 1214 2435 verbis
1238 2402 1413 2437 Diodorus
1444 2405 1499 2436 ed.

113 2451 227 2485 Wess.
251 2450 295 2483 T.
316 2450 362 2483 11.
387 2461 420 2492 p.
436 2449 525 2490 5473
559 2454 635 2483 tum
658 2449 869 2483 Plutarchus
893 2449 972 2481 loco
995 2456 1105 2491 nuper
1129 2448 1257 2489 citato,
1282 2452 1317 2482 et
1340 2449 1376 2482 in
1400 2447 1500 2483 Peri-

112 2497 166 2530 cle
189 2496 311 2538 XXII,
335 2498 369 2529 et
391 2495 427 2528 in
450 2495 564 2540 Agide
586 2506 665 2539 cap.
687 2495 782 2538 xm,
810 2498 844 2528 ct
867 2493 1014 2537 denique
1035 2493 1073 2527 in
1095 2494 1260 2539 Lycurgo
1282 2505 1359 2538 cap.
1384 2496 1498 2529 XXX.

111 2543 450 2622 MAI3.11.Hoc
474 2590 509 2620 et
533 2597 677 2629 sequens
701 2585 873 2619 distichon
898 2588 1085 2619 occurrunt
1114 2585 1221 2619 etiam
1243 2585 1336 2629 apud
1358 2586 1502 2620 Plutar-

113 2634 220 2668 chum
239 2634 392 2686 Lycurg
406 2633 472 2675 vl,
498 2631 559 2676 qui
576 2631 626 2665 ait
644 2632 774 2665 habere
793 2632 989 2676 Tyrtaeum
1005 2635 1205 2665 auctorem:
1228 2632 1347 2673 itaque
1362 2636 1501 2667 utrum-

115 2692 183 2724 que
204 2679 326 2713 retulit
349 2678 438 2712 inter
461 2678 534 2712 eius
558 2680 681 2721 poetae
703 2679 903 2722 fragmenta
926 2675 1086 2711 Klotzius
1103 2689 1138 2720 p.
1160 2677 1241 2714 127.
1266 2678 1366 2712 MAI.

204 2725 321 2759 3.14.
346 2723 496 2769 ῥήτρας]
530 2724 683 2757 Rhetras
713 2723 748 2757 id
773 2728 824 2757 est
846 2725 961 2766 leges,
995 2723 1122 2767 quibus
1147 2724 1331 2768 Lycurgus
1361 2726 1500 2768 sparta-

78 2777 86 2782 “
114 2781 197 2804 nam
219 2782 331 2814 remp.
355 2770 554 2813 constituit,
581 2770 678 2803 datas
701 2781 775 2803 esse
798 2780 820 2802 a
842 2767 976 2814 Pythia
999 2781 1067 2802 non
1091 2780 1194 2802 versu
1218 2771 1277 2802 sed
1299 2781 1402 2812 prosa
1434 2782 1502 2805 κα-

113 2815 342 2861 ταλογάδην,
369 2817 419 2850 ait
442 2816 650 2850 Plutarchus
674 2816 783 2859 del’y
788 2816 836 2850 th.
860 2826 952 2848 orac.
979 2815 1022 2849 ed
1046 2815 1166 2850 Reisk.
1194 2815 1238 2850 Τ.
1261 2817 1335 2851 Vll·
1361 2827 1394 2860 p.
1416 2815 1497 2852 588

113 2863 216 2907 Atqui
239 2863 330 2908 apud
352 2862 548 2898 Diodorum
569 2861 725 2906 poeticae
746 2865 838 2897 sunt.
869 2861 969 2897 MAI
1162 2911 1188 2951 1
1207 2914 1225 2935 ⁴¹
