<?xml version="1.0" encoding="UTF-8"?>
<!DOCTYPE html PUBLIC "-//W3C//DTD XHTML 1.0 Transitional//EN"
    "http://www.w3.org/TR/xhtml1/DTD/xhtml1-transitional.dtd">
<html xmlns="http://www.w3.org/1999/xhtml" xml:lang="en" lang="en">
 <head>
  <title>
</title>
<meta http-equiv="Content-Type" content="text/html;charset=utf-8" />
  <meta name='ocr-system' content='tesseract 3.04.00' />
  <meta name='ocr-capabilities' content='ocr_page ocr_carea ocr_par ocr_line ocrx_word'/>
</head>
<body>
  <div class='ocr_page' id='page_1' title='image "./p2bibliothecahisto02dioduoft_0290.png"; bbox 0 0 1968 3346; ppageno 0'>
   <div class='ocr_carea' id='block_1_1' title="bbox 430 227 1590 273">
    <p class='ocr_par' dir='ltr' id='par_1_1' title="bbox 430 227 1590 273">
     <span class='ocr_line' id='line_1_1' title="bbox 430 227 1590 273; baseline -0.003 0"><span class='ocrx_word' id='word_1_1' title='bbox 430 234 486 273; x_wconf 85' lang='lat'>14</span> <span class='ocrx_word' id='word_1_2' title='bbox 657 227 955 270; x_wconf 81' lang='lat' dir='ltr'><strong>EXCERPTA</strong></span> <span class='ocrx_word' id='word_1_3' title='bbox 984 227 1270 269; x_wconf 86' lang='lat' dir='ltr'><strong>VATICANA</strong></span> <span class='ocrx_word' id='word_1_4' title='bbox 1298 229 1347 268; x_wconf 88' lang='lat' dir='ltr'><strong><em>L.</em></strong></span> <span class='ocrx_word' id='word_1_5' title='bbox 1371 228 1590 269; x_wconf 87' lang='lat' dir='ltr'><strong>VIL—X.</strong></span> 
     </span>
    </p>
   </div>
   <div class='ocr_carea' id='block_1_2' title="bbox 426 326 1812 441">
    <p class='ocr_par' dir='ltr' id='par_1_2' title="bbox 426 326 1812 441">
     <span class='ocr_line' id='line_1_2' title="bbox 427 326 1812 409; baseline 0.002 -26"><span class='ocrx_word' id='word_1_6' title='bbox 427 326 724 409; x_wconf 69' lang='grc' dir='ltr'><strong><em>πεπλεγμένην</em></strong></span> <span class='ocrx_word' id='word_1_7' title='bbox 761 337 916 396; x_wconf 77' lang='grc' dir='ltr'><strong><em>ἐρινεῷ</em></strong></span> <span class='ocrx_word' id='word_1_8' title='bbox 953 337 1004 381; x_wconf 91' lang='grc' dir='ltr'><strong>τό</strong></span> <span class='ocrx_word' id='word_1_9' title='bbox 1040 337 1274 394; x_wconf 80' lang='grc' dir='ltr'><strong><em>λεγόμενον</em></strong></span> <span class='ocrx_word' id='word_1_10' title='bbox 1303 335 1608 395; x_wconf 75' lang='grc' dir='ltr'><strong><em>ἀρσενόθηλυν</em></strong></span> <span class='ocrx_word' id='word_1_11' title='bbox 1637 338 1812 386; x_wconf 72' lang='grc' dir='ltr'><strong><em>ἔκτισαν</em></strong></span> 
     </span>
     <span class='ocr_line' id='line_1_3' title="bbox 426 396 571 441; baseline -0.008 0"><span class='ocrx_word' id='word_1_12' title='bbox 426 396 571 441; x_wconf 89' lang='grc' dir='ltr'><strong><em>πόλιν</em></strong></span> 
     </span>
    </p>
   </div>
   <div class='ocr_carea' id='block_1_3' title="bbox 425 460 1811 591">
    <p class='ocr_par' dir='ltr' id='par_1_3' title="bbox 425 460 1811 577">
     <span class='ocr_line' id='line_1_4' title="bbox 540 460 1810 533; baseline 0.002 -27"><span class='ocrx_word' id='word_1_13' title='bbox 540 465 654 506; x_wconf 89' lang='lat' dir='ltr'>XIV.</span> <span class='ocrx_word' id='word_1_14' title='bbox 683 460 1106 533; x_wconf 79' lang='grc' dir='ltr'><strong><em>παραπορευόμενον</em></strong></span> <span class='ocrx_word' id='word_1_15' title='bbox 1125 460 1289 519; x_wconf 76' lang='grc' dir='ltr'><strong><em>μεγαλῃ</em></strong></span> <span class='ocrx_word' id='word_1_16' title='bbox 1312 464 1367 518; x_wconf 85' lang='grc' dir='ltr'><strong><em>τῇ</em></strong></span> <span class='ocrx_word' id='word_1_17' title='bbox 1390 465 1525 532; x_wconf 85' lang='grc' dir='ltr'><strong><em>φωνῇ</em></strong></span> <span class='ocrx_word' id='word_1_18' title='bbox 1543 462 1685 519; x_wconf 75' lang='grc' dir='ltr'><strong><em>λέγειν</em></strong></span> <span class='ocrx_word' id='word_1_19' title='bbox 1714 463 1810 509; x_wconf 77' lang='grc' dir='ltr'><strong><em>ἀντὶ</em></strong></span> 
     </span>
     <span class='ocr_line' id='line_1_5' title="bbox 425 517 1811 591; baseline 0 -26"><span class='ocrx_word' id='word_1_20' title='bbox 425 525 597 591; x_wconf 79' lang='grc' dir='ltr'><strong><em>θνητοῦ</em></strong></span> <span class='ocrx_word' id='word_1_21' title='bbox 630 522 732 574; x_wconf 90' lang='grc' dir='ltr'><strong><em>βίου</em></strong></span> <span class='ocrx_word' id='word_1_22' title='bbox 775 519 909 571; x_wconf 82' lang='grc' dir='ltr'><strong><em>δόξαν</em></strong></span> <span class='ocrx_word' id='word_1_23' title='bbox 939 517 1168 561; x_wconf 76' lang='grc' dir='ltr'><strong><em>ἀθάνατον</em></strong></span> <span class='ocrx_word' id='word_1_24' title='bbox 1191 519 1570 589; x_wconf 75' lang='grc' dir='ltr'><strong><em>περιποιήσασθαι</em></strong></span> <span class='ocrx_word' id='word_1_25' title='bbox 1605 520 1811 577; x_wconf 82' lang='grc' dir='ltr'><strong><em>βούλεται</em></strong></span> 
     </span>
    </p>
   </div>
   <div class='ocr_carea' id='block_1_4' title="bbox 361 573 1811 1649">
    <p class='ocr_par' dir='ltr' id='par_1_4' title="bbox 397 573 1811 689">
     <span class='ocr_line' id='line_1_6' title="bbox 397 573 1811 647; baseline 0.001 -26"><span class='ocrx_word' id='word_1_26' title='bbox 397 580 513 628; x_wconf 77' lang='grc' dir='ltr'><strong><em>5τίς;</em></strong></span> <span class='ocrx_word' id='word_1_27' title='bbox 556 577 645 647; x_wconf 87' lang='grc' dir='ltr'><strong><em>ἐρεῖ</em></strong></span> <span class='ocrx_word' id='word_1_28' title='bbox 680 580 853 645; x_wconf 77' lang='grc' dir='ltr'><strong><em>πρῶτος</em></strong></span> <span class='ocrx_word' id='word_1_29' title='bbox 892 575 1120 630; x_wconf 84' lang='grc' dir='ltr'><strong><em>ἐπιδίδωμι</em></strong></span> <span class='ocrx_word' id='word_1_30' title='bbox 1155 573 1234 618; x_wconf 85' lang='grc' dir='ltr'><strong><em>τὸν</em></strong></span> <span class='ocrx_word' id='word_1_31' title='bbox 1270 575 1463 632; x_wconf 79' lang='grc' dir='ltr'><strong><em>ἐμαυτοῦ</em></strong></span> <span class='ocrx_word' id='word_1_32' title='bbox 1497 577 1599 632; x_wconf 88' lang='grc' dir='ltr'><strong><em>βίον</em></strong></span> <span class='ocrx_word' id='word_1_33' title='bbox 1637 579 1697 629; x_wconf 88' lang='grc' dir='ltr'><strong><em>εἰς</em></strong></span> <span class='ocrx_word' id='word_1_34' title='bbox 1730 578 1811 635; x_wconf 83' lang='grc' dir='ltr'><strong><em>τὴν</em></strong></span> 
     </span>
     <span class='ocr_line' id='line_1_7' title="bbox 424 631 875 703; baseline -0.009 -24"><span class='ocrx_word' id='word_1_35' title='bbox 424 632 581 689; x_wconf 81' lang='grc' dir='ltr'><strong><em>κοινὴν</em></strong></span> <span class='ocrx_word' id='word_1_36' title='bbox 611 631 875 703; x_wconf 71' lang='grc' dir='ltr'><strong><em>ἀσφάλειαν.</em></strong></span> 
     </span>
    </p>

    <p class='ocr_par' dir='ltr' id='par_1_5' title="bbox 422 686 1810 859">
     <span class='ocr_line' id='line_1_8' title="bbox 524 686 1809 761; baseline 0.001 -28.018"><span class='ocrx_word' id='word_1_37' title='bbox 524 691 624 733; x_wconf 65' lang='grc' dir='ltr'><strong><em>’Ότι</em></strong></span> <span class='ocrx_word' id='word_1_38' title='bbox 652 706 741 732; x_wconf 90' lang='grc' dir='ltr'><strong><em>των</em></strong></span> <span class='ocrx_word' id='word_1_39' title='bbox 771 691 832 740; x_wconf 87' lang='grc' dir='ltr'><strong><em>εἰς</em></strong></span> <span class='ocrx_word' id='word_1_40' title='bbox 851 687 992 745; x_wconf 75' lang='grc' dir='ltr'><strong><em>αγρὸν</em></strong></span> <span class='ocrx_word' id='word_1_41' title='bbox 1013 687 1326 761; x_wconf 81' lang='grc' dir='ltr'><strong><em>πορευομένων</em></strong></span> <span class='ocrx_word' id='word_1_42' title='bbox 1350 705 1415 740; x_wconf 89' lang='grc' dir='ltr'><strong><em>τις</em></strong></span> <span class='ocrx_word' id='word_1_43' title='bbox 1437 686 1658 759; x_wconf 87' lang='grc' dir='ltr'><strong><em>ἐρωτήσας</em></strong></span> <span class='ocrx_word' id='word_1_44' title='bbox 1677 688 1809 734; x_wconf 80' lang='grc' dir='ltr'><strong><em>ἄπαν-</em></strong></span> 
     </span>
     <span class='ocr_line' id='line_1_9' title="bbox 422 742 1810 816; baseline 0 -25"><span class='ocrx_word' id='word_1_45' title='bbox 422 749 521 791; x_wconf 91' lang='grc' dir='ltr'><strong><em>τίον</em></strong></span> <span class='ocrx_word' id='word_1_46' title='bbox 549 744 764 816; x_wconf 77' lang='grc' dir='ltr'><strong><em>ηρώτησε</em></strong></span> <span class='ocrx_word' id='word_1_47' title='bbox 783 742 842 816; x_wconf 87' lang='grc' dir='ltr'><strong><em>μή</em></strong></span> <span class='ocrx_word' id='word_1_48' title='bbox 877 762 918 788; x_wconf 89' lang='grc' dir='ltr'><strong><em>τι</em></strong></span> <span class='ocrx_word' id='word_1_49' title='bbox 955 744 1174 814; x_wconf 85' lang='grc' dir='ltr'><strong><em>νεώτερον</em></strong></span> <span class='ocrx_word' id='word_1_50' title='bbox 1203 746 1267 799; x_wconf 85' lang='grc' dir='ltr'><strong><em>ε’ίη</em></strong></span> <span class='ocrx_word' id='word_1_51' title='bbox 1296 762 1407 788; x_wconf 88' lang='grc' dir='ltr'><strong><em>κατα</em></strong></span> <span class='ocrx_word' id='word_1_52' title='bbox 1436 744 1516 802; x_wconf 79' lang='grc' dir='ltr'><strong><em>τήν</em></strong></span> <span class='ocrx_word' id='word_1_53' title='bbox 1544 744 1684 789; x_wconf 88' lang='grc' dir='ltr'><strong><em>πόλιν.</em></strong></span> <span class='ocrx_word' id='word_1_54' title='bbox 1733 748 1810 791; x_wconf 82' lang='grc' dir='ltr'><strong><em>καὶ</em></strong></span> 
     </span>
     <span class='ocr_line' id='line_1_10' title="bbox 423 796 1804 872; baseline 0 -25"><span class='ocrx_word' id='word_1_55' title='bbox 423 805 697 861; x_wconf 80' lang='grc' dir='ltr'><strong><em>ἐζημίωσαν</em></strong></span> <span class='ocrx_word' id='word_1_56' title='bbox 708 800 845 846; x_wconf 85' lang='grc' dir='ltr'><strong><em>αυτὸν</em></strong></span> <span class='ocrx_word' id='word_1_57' title='bbox 885 803 930 845; x_wconf 78' lang='grc' dir='ltr'><strong><em>οἱ</em></strong></span> <span class='ocrx_word' id='word_1_58' title='bbox 957 802 1037 857; x_wconf 84' lang='grc' dir='ltr'><strong><em>τὴν</em></strong></span> <span class='ocrx_word' id='word_1_59' title='bbox 1067 796 1206 856; x_wconf 70' lang='grc' dir='ltr'><strong><em>ἀρχὴν</em></strong></span> <span class='ocrx_word' id='word_1_60' title='bbox 1235 816 1355 872; x_wconf 91' lang='grc' dir='ltr'><strong><em>παρα</em></strong></span> <span class='ocrx_word' id='word_1_61' title='bbox 1384 806 1576 872; x_wconf 80' lang='grc' dir='ltr'><strong><em>Λοκροῖς</em></strong></span> <span class='ocrx_word' id='word_1_62' title='bbox 1614 802 1804 859; x_wconf 72' lang='grc' dir='ltr'><strong><em>ἔχοντες·</em></strong></span> 
     </span>
    </p>

    <p class='ocr_par' dir='ltr' id='par_1_6' title="bbox 368 856 1522 929">
     <span class='ocr_line' id='line_1_11' title="bbox 368 856 1522 929; baseline -0.004 -24"><span class='ocrx_word' id='word_1_63' title='bbox 368 865 641 908; x_wconf 83' lang='grc' dir='ltr'><strong><em>1Οτοσουτον</em></strong></span> <span class='ocrx_word' id='word_1_64' title='bbox 669 861 784 915; x_wconf 76' lang='grc' dir='ltr'><strong><em>ἦσαν</em></strong></span> <span class='ocrx_word' id='word_1_65' title='bbox 811 859 909 913; x_wconf 83' lang='grc' dir='ltr'><strong><em>περὶ</em></strong></span> <span class='ocrx_word' id='word_1_66' title='bbox 939 859 988 901; x_wconf 88' lang='grc' dir='ltr'><strong><em>τὸ</em></strong></span> <span class='ocrx_word' id='word_1_67' title='bbox 1019 859 1193 900; x_wconf 85' lang='grc' dir='ltr'><strong><em>δίκαιον</em></strong></span> <span class='ocrx_word' id='word_1_68' title='bbox 1222 856 1522 929; x_wconf 82' lang='grc' dir='ltr'><strong><em>ήσχοληκότες.</em></strong></span> 
     </span>
    </p>

    <p class='ocr_par' dir='ltr' id='par_1_7' title="bbox 420 912 1807 1142">
     <span class='ocr_line' id='line_1_12' title="bbox 524 912 1807 985; baseline 0 -25"><span class='ocrx_word' id='word_1_69' title='bbox 524 917 625 960; x_wconf 69' lang='grc' dir='ltr'><strong><em>’Ότι</em></strong></span> <span class='ocrx_word' id='word_1_70' title='bbox 644 917 909 966; x_wconf 81' lang='grc' dir='ltr'><strong><em>Σικυωνίοις</em></strong></span> <span class='ocrx_word' id='word_1_71' title='bbox 938 915 1113 984; x_wconf 77' lang='grc' dir='ltr'><strong><em>ἔχρησεν</em></strong></span> <span class='ocrx_word' id='word_1_72' title='bbox 1133 912 1160 969; x_wconf 84' lang='grc' dir='ltr'>ἡ</span> <span class='ocrx_word' id='word_1_73' title='bbox 1185 917 1341 958; x_wconf 89' lang='grc' dir='ltr'><strong><em>Πυθία</em></strong></span> <span class='ocrx_word' id='word_1_74' title='bbox 1370 914 1528 958; x_wconf 79' lang='grc' dir='ltr'><strong><em>ἑκατὸν</em></strong></span> <span class='ocrx_word' id='word_1_75' title='bbox 1556 914 1629 985; x_wconf 70' lang='grc' dir='ltr'><strong><em>ἔτη</em></strong></span> <span class='ocrx_word' id='word_1_76' title='bbox 1658 927 1807 971; x_wconf 85' lang='grc' dir='ltr'><strong><em>μαστι-</em></strong></span> 
     </span>
     <span class='ocr_line' id='line_1_13' title="bbox 421 970 1806 1043; baseline 0 -27"><span class='ocrx_word' id='word_1_77' title='bbox 421 971 810 1043; x_wconf 73' lang='grc' dir='ltr'><strong><em>γονομηθήσεσθαι</em></strong></span> <span class='ocrx_word' id='word_1_78' title='bbox 854 970 1030 1022; x_wconf 81' lang='grc' dir='ltr'><strong><em>αὐτούς.</em></strong></span> <span class='ocrx_word' id='word_1_79' title='bbox 1081 970 1448 1029; x_wconf 78' lang='grc' dir='ltr'><strong><em>ἐπερωτησάντων</em></strong></span> <span class='ocrx_word' id='word_1_80' title='bbox 1482 971 1530 1015; x_wconf 81' lang='grc' dir='ltr'><strong><em>δὲ</em></strong></span> <span class='ocrx_word' id='word_1_81' title='bbox 1567 972 1716 1016; x_wconf 80' lang='grc' dir='ltr'><strong><em>αὐτῶν</em></strong></span> <span class='ocrx_word' id='word_1_82' title='bbox 1741 976 1806 1025; x_wconf 92' lang='grc' dir='ltr'><strong><em>τίς</em></strong></span> 
     </span>
     <span class='ocr_line' id='line_1_14' title="bbox 421 1026 1806 1097; baseline 0 -24"><span class='ocrx_word' id='word_1_83' title='bbox 421 1028 445 1074; x_wconf 91' lang='grc' dir='ltr'>ὁ</span> <span class='ocrx_word' id='word_1_84' title='bbox 477 1034 614 1073; x_wconf 84' lang='grc' dir='ltr'><strong><em>ταῦτα</em></strong></span> <span class='ocrx_word' id='word_1_85' title='bbox 644 1029 841 1085; x_wconf 83' lang='grc' dir='ltr'><strong><em>ποιήσων</em></strong></span> <span class='ocrx_word' id='word_1_86' title='bbox 869 1030 1004 1071; x_wconf 86' lang='grc' dir='ltr'><strong><em>πάλιν</em></strong></span> <span class='ocrx_word' id='word_1_87' title='bbox 1040 1026 1255 1097; x_wconf 77' lang='grc' dir='ltr'><strong><em>ἀπεκρίθη</em></strong></span> <span class='ocrx_word' id='word_1_88' title='bbox 1287 1030 1320 1085; x_wconf 74' lang='grc' dir='ltr'><em>ᾧ</em></span> <span class='ocrx_word' id='word_1_89' title='bbox 1351 1045 1407 1071; x_wconf 88' lang='grc' dir='ltr'><strong><em>αν</em></strong></span> <span class='ocrx_word' id='word_1_90' title='bbox 1436 1028 1806 1081; x_wconf 79' lang='grc' dir='ltr'><strong><em>καταπλεύσαντες</em></strong></span> 
     </span>
     <span class='ocr_line' id='line_1_15' title="bbox 420 1074 1805 1157; baseline 0 -28"><span class='ocrx_word' id='word_1_91' title='bbox 420 1085 581 1144; x_wconf 74' lang='grc' dir='ltr'><strong><em>πρώτῳ</em></strong></span> <span class='ocrx_word' id='word_1_92' title='bbox 618 1087 903 1157; x_wconf 75' lang='grc' dir='ltr'><strong><em>γεγενημένον</em></strong></span> <span class='ocrx_word' id='word_1_93' title='bbox 940 1084 1039 1128; x_wconf 86' lang='grc' dir='ltr'><strong><em>υῖόν</em></strong></span> <span class='ocrx_word' id='word_1_94' title='bbox 1079 1074 1344 1128; x_wconf 83' lang='grc' dir='ltr'><strong><em>άκούσωσιν.</em></strong></span> <span class='ocrx_word' id='word_1_95' title='bbox 1393 1084 1598 1141; x_wconf 83' lang='grc' dir='ltr'><strong><em>ἐτύγχανε</em></strong></span> <span class='ocrx_word' id='word_1_96' title='bbox 1636 1087 1682 1130; x_wconf 83' lang='grc' dir='ltr'><strong><em>δε</em></strong></span> <span class='ocrx_word' id='word_1_97' title='bbox 1711 1092 1805 1138; x_wconf 87' lang='grc' dir='ltr'><strong><em>τοῖς</em></strong></span> 
     </span>
    </p>

    <p class='ocr_par' dir='ltr' id='par_1_8' title="bbox 366 1140 1804 1310">
     <span class='ocr_line' id='line_1_16' title="bbox 366 1140 1804 1199; baseline -0.001 -11"><span class='ocrx_word' id='word_1_98' title='bbox 366 1149 610 1197; x_wconf 83' lang='grc' dir='ltr'><strong><em>15θεωροις</em></strong></span> <span class='ocrx_word' id='word_1_99' title='bbox 636 1140 954 1199; x_wconf 77' lang='grc' dir='ltr'><strong><em>ήκολουθηκοὸς</em></strong></span> <span class='ocrx_word' id='word_1_100' title='bbox 971 1145 1048 1196; x_wconf 85' lang='grc' dir='ltr'><strong><em>τῆς</em></strong></span> <span class='ocrx_word' id='word_1_101' title='bbox 1075 1143 1236 1192; x_wconf 81' lang='grc' dir='ltr'><strong><em>θυσίας</em></strong></span> <span class='ocrx_word' id='word_1_102' title='bbox 1265 1142 1392 1184; x_wconf 86' lang='grc' dir='ltr'><strong><em>ε’νεκα</em></strong></span> <span class='ocrx_word' id='word_1_103' title='bbox 1411 1142 1620 1197; x_wconf 78' lang='grc' dir='ltr'><strong><em>μάγειρος</em></strong></span> <span class='ocrx_word' id='word_1_104' title='bbox 1640 1142 1687 1193; x_wconf 80' lang='grc' dir='ltr'><strong><em>ὃς</em></strong></span> <span class='ocrx_word' id='word_1_105' title='bbox 1706 1142 1804 1186; x_wconf 56' lang='lat' dir='ltr'><strong><em>gua«</em></strong></span> 
     </span>
     <span class='ocr_line' id='line_1_17' title="bbox 419 1195 1802 1256; baseline 0.001 -14"><span class='ocrx_word' id='word_1_106' title='bbox 419 1205 534 1242; x_wconf 85' lang='grc' dir='ltr'><strong><em>λεῑτο</em></strong></span> <span class='ocrx_word' id='word_1_107' title='bbox 559 1198 758 1254; x_wconf 83' lang='grc' dir='ltr'><strong><em>Ἀνδρέας</em></strong></span> <span class='ocrx_word' id='word_1_108' title='bbox 793 1201 958 1254; x_wconf 79' lang='grc' dir='ltr'><strong><em>μισθοῦ</em></strong></span> <span class='ocrx_word' id='word_1_109' title='bbox 990 1201 1081 1247; x_wconf 89' lang='grc' dir='ltr'><strong><em>τοῖς</em></strong></span> <span class='ocrx_word' id='word_1_110' title='bbox 1111 1195 1295 1253; x_wconf 78' lang='grc' dir='ltr'><strong><em>ἄρχουσι</em></strong></span> <span class='ocrx_word' id='word_1_111' title='bbox 1324 1203 1666 1254; x_wconf 78' lang='grc' dir='ltr'><strong><em>μαστιγοφορῶν</em></strong></span> <span class='ocrx_word' id='word_1_112' title='bbox 1693 1215 1802 1256; x_wconf 87' lang='grc' dir='ltr'><strong><em>υπη-</em></strong></span> 
     </span>
     <span class='ocr_line' id='line_1_18' title="bbox 371 1256 533 1310; baseline -0.012 -9"><span class='ocrx_word' id='word_1_113' title='bbox 371 1299 373 1301; x_wconf 74' lang='grc'><strong>,</strong></span> <span class='ocrx_word' id='word_1_114' title='bbox 420 1256 533 1310; x_wconf 82' lang='grc' dir='ltr'><strong><em>ρέτει</em></strong></span> 
     </span>
    </p>

    <p class='ocr_par' dir='ltr' id='par_1_9' title="bbox 417 1307 1802 1425">
     <span class='ocr_line' id='line_1_19' title="bbox 521 1307 1802 1380; baseline 0.001 -25.017"><span class='ocrx_word' id='word_1_115' title='bbox 521 1312 620 1354; x_wconf 64' lang='grc' dir='ltr'><strong><em>’Ότι</em></strong></span> <span class='ocrx_word' id='word_1_116' title='bbox 650 1313 694 1355; x_wconf 83' lang='grc' dir='ltr'><strong><em>οῑ</em></strong></span> <span class='ocrx_word' id='word_1_117' title='bbox 723 1313 1015 1379; x_wconf 79' lang='grc' dir='ltr'><strong><em>Σπαρτιᾶται</em></strong></span> <span class='ocrx_word' id='word_1_118' title='bbox 1035 1307 1125 1352; x_wconf 76' lang='grc' dir='ltr'><strong><em>ὑπὸ</em></strong></span> <span class='ocrx_word' id='word_1_119' title='bbox 1159 1312 1425 1380; x_wconf 85' lang='grc' dir='ltr'><strong><em>Μεσσηνίων</em></strong></span> <span class='ocrx_word' id='word_1_120' title='bbox 1454 1308 1712 1366; x_wconf 80' lang='grc' dir='ltr'><strong><em>ἡττηθέντες</em></strong></span> <span class='ocrx_word' id='word_1_121' title='bbox 1741 1314 1802 1364; x_wconf 84' lang='grc' dir='ltr'><strong><em>εἷς</em></strong></span> 
     </span>
     <span class='ocr_line' id='line_1_20' title="bbox 417 1363 1802 1436; baseline 0.001 -24"><span class='ocrx_word' id='word_1_122' title='bbox 417 1368 624 1425; x_wconf 81' lang='grc' dir='ltr'><strong><em>Δελφοὺς</em></strong></span> <span class='ocrx_word' id='word_1_123' title='bbox 653 1368 898 1422; x_wconf 77' lang='grc' dir='ltr'><strong><em>πέμψαντες</em></strong></span> <span class='ocrx_word' id='word_1_124' title='bbox 922 1363 1104 1421; x_wconf 75' lang='grc' dir='ltr'><strong><em>ήρώτων</em></strong></span> <span class='ocrx_word' id='word_1_125' title='bbox 1131 1366 1229 1419; x_wconf 86' lang='grc' dir='ltr'><strong><em>περὶ</em></strong></span> <span class='ocrx_word' id='word_1_126' title='bbox 1257 1365 1464 1436; x_wconf 81' lang='grc' dir='ltr'><strong><em>πολέμου.</em></strong></span> <span class='ocrx_word' id='word_1_127' title='bbox 1486 1367 1636 1423; x_wconf 77' lang='grc' dir='ltr'><strong><em>ἔχρησε</em></strong></span> <span class='ocrx_word' id='word_1_128' title='bbox 1658 1369 1704 1412; x_wconf 84' lang='grc' dir='ltr'><strong><em>δὲ</em></strong></span> <span class='ocrx_word' id='word_1_129' title='bbox 1725 1367 1802 1413; x_wconf 79' lang='grc' dir='ltr'><strong><em>αὐ-</em></strong></span> 
     </span>
    </p>

    <p class='ocr_par' dir='ltr' id='par_1_10' title="bbox 361 1421 1340 1492">
     <span class='ocr_line' id='line_1_21' title="bbox 361 1421 1340 1492; baseline -0.007 -21"><span class='ocrx_word' id='word_1_130' title='bbox 361 1431 510 1476; x_wconf 82' lang='grc' dir='ltr'><strong><em>2Οτοῖς</em></strong></span> <span class='ocrx_word' id='word_1_131' title='bbox 540 1425 660 1479; x_wconf 75' lang='grc' dir='ltr'><strong><em>παρα</em></strong></span> <span class='ocrx_word' id='word_1_132' title='bbox 684 1423 930 1479; x_wconf 83' lang='grc' dir='ltr'><strong><em>Ἀθηναίων</em></strong></span> <span class='ocrx_word' id='word_1_133' title='bbox 958 1425 1107 1492; x_wconf 80' lang='grc' dir='ltr'><strong><em>λαβεῖν</em></strong></span> <span class='ocrx_word' id='word_1_134' title='bbox 1136 1421 1340 1492; x_wconf 81' lang='grc' dir='ltr'><strong><em>ἡγεμόνα</em></strong></span> 
     </span>
    </p>

    <p class='ocr_par' dir='ltr' id='par_1_11' title="bbox 415 1477 1800 1649">
     <span class='ocr_line' id='line_1_22' title="bbox 520 1477 1799 1546; baseline 0.001 -22.018"><span class='ocrx_word' id='word_1_135' title='bbox 520 1480 619 1524; x_wconf 85' lang='grc' dir='ltr'><strong><em>Ὀτι</em></strong></span> <span class='ocrx_word' id='word_1_136' title='bbox 649 1483 692 1524; x_wconf 80' lang='grc' dir='ltr'><strong><em>οἷ</em></strong></span> <span class='ocrx_word' id='word_1_137' title='bbox 723 1478 1065 1533; x_wconf 83' lang='grc' dir='ltr'><strong><em>Λακεδαιμόνιοι</em></strong></span> <span class='ocrx_word' id='word_1_138' title='bbox 1089 1480 1417 1546; x_wconf 83' lang='grc' dir='ltr'><strong><em>προτραπέντες</em></strong></span> <span class='ocrx_word' id='word_1_139' title='bbox 1454 1477 1544 1523; x_wconf 88' lang='grc' dir='ltr'><strong><em>υπὸ</em></strong></span> <span class='ocrx_word' id='word_1_140' title='bbox 1577 1482 1799 1535; x_wconf 83' lang='grc' dir='ltr'><strong><em>Τυρταίου</em></strong></span> 
     </span>
     <span class='ocr_line' id='line_1_23' title="bbox 418 1533 1799 1605; baseline 0 -24"><span class='ocrx_word' id='word_1_141' title='bbox 418 1537 533 1581; x_wconf 83' lang='grc' dir='ltr'><strong><em>οὕτω</em></strong></span> <span class='ocrx_word' id='word_1_142' title='bbox 572 1535 820 1592; x_wconf 80' lang='grc' dir='ltr'><strong><em>προθύμως</em></strong></span> <span class='ocrx_word' id='word_1_143' title='bbox 859 1534 975 1604; x_wconf 77' lang='grc' dir='ltr'><strong><em>εἶχον</em></strong></span> <span class='ocrx_word' id='word_1_144' title='bbox 1015 1533 1128 1589; x_wconf 83' lang='grc' dir='ltr'><strong><em>πρὸς</em></strong></span> <span class='ocrx_word' id='word_1_145' title='bbox 1165 1535 1406 1605; x_wconf 80' lang='grc' dir='ltr'><strong><em>παράταξιν</em></strong></span> <span class='ocrx_word' id='word_1_146' title='bbox 1438 1536 1541 1587; x_wconf 60' lang='lat' dir='ltr'><strong>digne</strong></span> <span class='ocrx_word' id='word_1_147' title='bbox 1558 1538 1799 1605; x_wconf 83' lang='grc' dir='ltr'><strong><em>μέλλοντες</em></strong></span> 
     </span>
     <span class='ocr_line' id='line_1_24' title="bbox 415 1590 1800 1649; baseline 0 -11"><span class='ocrx_word' id='word_1_148' title='bbox 415 1593 768 1649; x_wconf 77' lang='grc' dir='ltr'><strong><em>παρατάττεσθαι</em></strong></span> <span class='ocrx_word' id='word_1_149' title='bbox 806 1592 856 1636; x_wconf 83' lang='grc' dir='ltr'><strong><em>τὰ</em></strong></span> <span class='ocrx_word' id='word_1_150' title='bbox 891 1591 1086 1648; x_wconf 86' lang='grc' dir='ltr'><strong><em>ὀνόματα</em></strong></span> <span class='ocrx_word' id='word_1_151' title='bbox 1126 1596 1252 1647; x_wconf 79' lang='grc' dir='ltr'><strong><em>σφῶν</em></strong></span> <span class='ocrx_word' id='word_1_152' title='bbox 1283 1590 1432 1635; x_wconf 75' lang='grc' dir='ltr'><strong><em>αὐτῶν</em></strong></span> <span class='ocrx_word' id='word_1_153' title='bbox 1461 1591 1709 1648; x_wconf 79' lang='grc' dir='ltr'><strong><em>ἐγράψαντο</em></strong></span> <span class='ocrx_word' id='word_1_154' title='bbox 1739 1597 1800 1646; x_wconf 81' lang='grc' dir='ltr'><strong><em>εἰς</em></strong></span> 
     </span>
    </p>
   </div>
   <div class='ocr_carea' id='block_1_5' title="bbox 359 1647 1799 1776">
    <p class='ocr_par' dir='ltr' id='par_1_12' title="bbox 359 1647 1799 1764">
     <span class='ocr_line' id='line_1_25' title="bbox 417 1647 1798 1719; baseline -0.001 -24"><span class='ocrx_word' id='word_1_155' title='bbox 417 1653 655 1695; x_wconf 81' lang='grc' dir='ltr'><strong><em>σκυταλίδα</em></strong></span> <span class='ocrx_word' id='word_1_156' title='bbox 694 1651 766 1693; x_wconf 84' lang='grc' dir='ltr'><strong><em>καὶ</em></strong></span> <span class='ocrx_word' id='word_1_157' title='bbox 801 1651 967 1719; x_wconf 77' lang='grc' dir='ltr'><strong><em>ἐξῆψαν</em></strong></span> <span class='ocrx_word' id='word_1_158' title='bbox 1005 1649 1051 1691; x_wconf 81' lang='grc' dir='ltr'><strong><em>ἐκ</em></strong></span> <span class='ocrx_word' id='word_1_159' title='bbox 1089 1652 1165 1703; x_wconf 85' lang='grc' dir='ltr'><strong><em>τῆς</em></strong></span> <span class='ocrx_word' id='word_1_160' title='bbox 1202 1647 1364 1704; x_wconf 83' lang='grc' dir='ltr'><strong><em>χειρός,</em></strong></span> <span class='ocrx_word' id='word_1_161' title='bbox 1413 1650 1487 1691; x_wconf 85' lang='grc' dir='ltr'><strong><em>ι’να</em></strong></span> <span class='ocrx_word' id='word_1_162' title='bbox 1520 1654 1798 1703; x_wconf 86' lang='grc' dir='ltr'><strong><em>τελευτωντες</em></strong></span> 
     </span>
     <span class='ocr_line' id='line_1_26' title="bbox 359 1704 1799 1776; baseline 0 -25"><span class='ocrx_word' id='word_1_163' title='bbox 359 1708 476 1764; x_wconf 71' lang='grc' dir='ltr'><strong><em>25μὴ</em></strong></span> <span class='ocrx_word' id='word_1_164' title='bbox 508 1706 755 1762; x_wconf 81' lang='grc' dir='ltr'><strong><em>άγνοῶνται</em></strong></span> <span class='ocrx_word' id='word_1_165' title='bbox 784 1704 873 1749; x_wconf 80' lang='grc' dir='ltr'><strong><em>’ὑπὸ</em></strong></span> <span class='ocrx_word' id='word_1_166' title='bbox 903 1710 993 1748; x_wconf 79' lang='grc' dir='ltr'><strong><em>τῶν</em></strong></span> <span class='ocrx_word' id='word_1_167' title='bbox 1023 1706 1208 1747; x_wconf 81' lang='grc' dir='ltr'><strong><em>οἰκείων.</em></strong></span> <span class='ocrx_word' id='word_1_168' title='bbox 1255 1705 1370 1748; x_wconf 82' lang='grc' dir='ltr'><strong><em>οὕτω</em></strong></span> <span class='ocrx_word' id='word_1_169' title='bbox 1400 1705 1678 1776; x_wconf 81' lang='grc' dir='ltr'><strong><em>παρέστησαν</em></strong></span> <span class='ocrx_word' id='word_1_170' title='bbox 1703 1713 1799 1759; x_wconf 89' lang='grc' dir='ltr'><strong><em>ταῖς</em></strong></span> 
     </span>
    </p>
   </div>
   <div class='ocr_carea' id='block_1_6' title="bbox 415 1759 1797 1877">
    <p class='ocr_par' dir='ltr' id='par_1_13' title="bbox 415 1759 1797 1877">
     <span class='ocr_line' id='line_1_27' title="bbox 415 1759 1797 1833; baseline 0.001 -26"><span class='ocrx_word' id='word_1_171' title='bbox 415 1770 575 1820; x_wconf 82' lang='grc' dir='ltr'><strong><em>ψυχαῖς</em></strong></span> <span class='ocrx_word' id='word_1_172' title='bbox 606 1764 767 1832; x_wconf 87' lang='grc' dir='ltr'><strong><em>ε’τοιμοι</em></strong></span> <span class='ocrx_word' id='word_1_173' title='bbox 795 1761 903 1817; x_wconf 81' lang='grc' dir='ltr'><strong><em>πρὸς</em></strong></span> <span class='ocrx_word' id='word_1_174' title='bbox 933 1759 981 1804; x_wconf 86' lang='grc' dir='ltr'>τὸ</span> <span class='ocrx_word' id='word_1_175' title='bbox 1013 1765 1087 1833; x_wconf 75' lang='grc' dir='ltr'><strong><em>τῇς</em></strong></span> <span class='ocrx_word' id='word_1_176' title='bbox 1113 1763 1237 1817; x_wconf 88' lang='grc' dir='ltr'><strong><em>νίκης</em></strong></span> <span class='ocrx_word' id='word_1_177' title='bbox 1266 1760 1661 1830; x_wconf 76' lang='grc' dir='ltr'><strong><em>ἀποτυγχάνοντες,</em></strong></span> <span class='ocrx_word' id='word_1_178' title='bbox 1692 1763 1797 1808; x_wconf 75' lang='grc' dir='ltr'><strong><em>ἑτοί-</em></strong></span> 
     </span>
     <span class='ocr_line' id='line_1_28' title="bbox 415 1817 1441 1877; baseline -0.003 -12"><span class='ocrx_word' id='word_1_179' title='bbox 415 1838 507 1877; x_wconf 87' lang='grc' dir='ltr'><strong><em>μως</em></strong></span> <span class='ocrx_word' id='word_1_180' title='bbox 535 1819 890 1877; x_wconf 80' lang='grc' dir='ltr'><strong><em>ἐπιτυγχάνοντες</em></strong></span> <span class='ocrx_word' id='word_1_181' title='bbox 917 1819 996 1862; x_wconf 85' lang='grc' dir='ltr'><strong><em>τὸν</em></strong></span> <span class='ocrx_word' id='word_1_182' title='bbox 1025 1818 1201 1874; x_wconf 76' lang='grc' dir='ltr'><strong><em>ἔντιμον</em></strong></span> <span class='ocrx_word' id='word_1_183' title='bbox 1227 1817 1441 1862; x_wconf 86' lang='grc' dir='ltr'><strong><em>θάνατον</em></strong></span> 
     </span>
    </p>
   </div>
   <div class='ocr_carea' id='block_1_7' title="bbox 553 1941 1796 2000">
    <p class='ocr_par' dir='ltr' id='par_1_14' title="bbox 553 1941 1796 2000">
     <span class='ocr_line' id='line_1_29' title="bbox 553 1941 1796 2000; baseline 0 -19"><span class='ocrx_word' id='word_1_184' title='bbox 553 1944 609 1981; x_wconf 89' lang='grc'><strong><em>14.</em></strong></span> <span class='ocrx_word' id='word_1_185' title='bbox 635 1945 669 1980; x_wconf 86' lang='grc'><strong><em>4.</em></strong></span> <span class='ocrx_word' id='word_1_186' title='bbox 704 1942 878 1992; x_wconf 74' lang='grc' dir='ltr'><strong><em>βούλεται</em></strong></span> <span class='ocrx_word' id='word_1_187' title='bbox 901 1943 967 1987; x_wconf 85' lang='grc' dir='ltr'><strong><em>τίς]</em></strong></span> <span class='ocrx_word' id='word_1_188' title='bbox 996 1945 1100 1977; x_wconf 87' lang='lat' dir='ltr'><strong>immo</strong></span> <span class='ocrx_word' id='word_1_189' title='bbox 1123 1941 1300 2000; x_wconf 82' lang='grc' dir='ltr'><strong><em>βούλεταί</em></strong></span> <span class='ocrx_word' id='word_1_190' title='bbox 1322 1956 1395 1988; x_wconf 84' lang='grc' dir='ltr'><strong><em>τις,</em></strong></span> <span class='ocrx_word' id='word_1_191' title='bbox 1421 1945 1503 1979; x_wconf 81' lang='lat' dir='ltr'><strong>etsi</strong></span> <span class='ocrx_word' id='word_1_192' title='bbox 1527 1946 1632 1980; x_wconf 86' lang='lat' dir='ltr'><strong>modo</strong></span> <span class='ocrx_word' id='word_1_193' title='bbox 1658 1953 1796 1982; x_wconf 85' lang='lat' dir='ltr'><strong>caetera</strong></span> 
     </span>
    </p>
   </div>
   <div class='ocr_carea' id='block_1_8' title="bbox 461 1987 1794 2084">
    <p class='ocr_par' dir='ltr' id='par_1_15' title="bbox 461 1987 1794 2084">
     <span class='ocr_line' id='line_1_30' title="bbox 461 1987 1224 2047; baseline -0.005 -20"><span class='ocrx_word' id='word_1_194' title='bbox 461 2000 639 2027; x_wconf 77' lang='lat' dir='ltr'><strong>constaret</strong></span> <span class='ocrx_word' id='word_1_195' title='bbox 662 1993 799 2047; x_wconf 77' lang='lat' dir='ltr'><strong>integra</strong></span> <span class='ocrx_word' id='word_1_196' title='bbox 823 2003 918 2029; x_wconf 89' lang='lat' dir='ltr'><strong>esse,</strong></span> <span class='ocrx_word' id='word_1_197' title='bbox 944 1988 1023 2024; x_wconf 80' lang='grc' dir='ltr'><strong><em>ἐπεὶ</em></strong></span> <span class='ocrx_word' id='word_1_198' title='bbox 1047 2002 1111 2034; x_wconf 88' lang='lat' dir='ltr'><strong><em>pro</em></strong></span> <span class='ocrx_word' id='word_1_199' title='bbox 1137 1987 1224 2033; x_wconf 82' lang='grc' dir='ltr'><strong>ε’ρεῖ.</strong></span> 
     </span>
     <span class='ocr_line' id='line_1_31' title="bbox 555 2033 1794 2084; baseline 0 -12"><span class='ocrx_word' id='word_1_200' title='bbox 555 2037 609 2072; x_wconf 89' lang='grc'><strong><em>14.</em></strong></span> <span class='ocrx_word' id='word_1_201' title='bbox 635 2039 669 2072; x_wconf 85' lang='grc'><strong><em>7.</em></strong></span> <span class='ocrx_word' id='word_1_202' title='bbox 701 2033 759 2072; x_wconf 76' lang='grc' dir='ltr'><strong><em>ὅτι</em></strong></span> <span class='ocrx_word' id='word_1_203' title='bbox 781 2057 826 2061; x_wconf 85' lang='grc'>-</span> <span class='ocrx_word' id='word_1_204' title='bbox 850 2033 1052 2080; x_wconf 77' lang='grc' dir='ltr'><strong><em>ἐρωτήσας]</em></strong></span> <span class='ocrx_word' id='word_1_205' title='bbox 1076 2038 1212 2070; x_wconf 79' lang='lat' dir='ltr'><strong>homini</strong></span> <span class='ocrx_word' id='word_1_206' title='bbox 1234 2038 1273 2069; x_wconf 85' lang='lat' dir='ltr'><strong><em>in</em></strong></span> <span class='ocrx_word' id='word_1_207' title='bbox 1297 2049 1426 2082; x_wconf 82' lang='lat' dir='ltr'><strong>agrum</strong></span> <span class='ocrx_word' id='word_1_208' title='bbox 1449 2039 1596 2071; x_wconf 83' lang='lat' dir='ltr'><em>exeunti</em></span> <span class='ocrx_word' id='word_1_209' title='bbox 1619 2051 1696 2072; x_wconf 83' lang='lat' dir='ltr'><strong><em>cum</em></strong></span> <span class='ocrx_word' id='word_1_210' title='bbox 1715 2041 1794 2084; x_wconf 84' lang='lat' dir='ltr'><strong>qui-</strong></span> 
     </span>
    </p>
   </div>
   <div class='ocr_carea' id='block_1_9' title="bbox 457 2083 1793 2183">
    <p class='ocr_par' dir='ltr' id='par_1_16' title="bbox 457 2083 1793 2171">
     <span class='ocr_line' id='line_1_32' title="bbox 459 2083 1793 2139; baseline 0.001 -22"><span class='ocrx_word' id='word_1_211' title='bbox 459 2085 544 2118; x_wconf 83' lang='lat' dir='ltr'><strong><em>dam</em></strong></span> <span class='ocrx_word' id='word_1_212' title='bbox 569 2087 798 2123; x_wconf 79' lang='lat' dir='ltr'><strong><em>occurrisset,</em></strong></span> <span class='ocrx_word' id='word_1_213' title='bbox 822 2085 969 2139; x_wconf 73' lang='lat' dir='ltr'><strong><em>rogavit</em></strong></span> <span class='ocrx_word' id='word_1_214' title='bbox 993 2083 1100 2115; x_wconf 78' lang='lat' dir='ltr'><strong>vertit</strong></span> <span class='ocrx_word' id='word_1_215' title='bbox 1123 2084 1235 2115; x_wconf 86' lang='lat' dir='ltr'><strong>Maius</strong></span> <span class='ocrx_word' id='word_1_216' title='bbox 1260 2091 1356 2116; x_wconf 88' lang='lat' dir='ltr'><strong>recte</strong></span> <span class='ocrx_word' id='word_1_217' title='bbox 1379 2083 1424 2116; x_wconf 89' lang='lat' dir='ltr'><strong><em>ad</em></strong></span> <span class='ocrx_word' id='word_1_218' title='bbox 1447 2085 1677 2127; x_wconf 83' lang='lat' dir='ltr'>sententiam,</span> <span class='ocrx_word' id='word_1_219' title='bbox 1702 2096 1793 2128; x_wconf 79' lang='lat' dir='ltr'><strong>quae</strong></span> 
     </span>
     <span class='ocr_line' id='line_1_33' title="bbox 457 2126 1170 2183; baseline -0.004 -19"><span class='ocrx_word' id='word_1_220' title='bbox 457 2131 578 2164; x_wconf 87' lang='lat' dir='ltr'><strong>nescio</strong></span> <span class='ocrx_word' id='word_1_221' title='bbox 604 2142 646 2163; x_wconf 87' lang='lat' dir='ltr'><strong><em>an</em></strong></span> <span class='ocrx_word' id='word_1_222' title='bbox 671 2130 793 2162; x_wconf 83' lang='lat' dir='ltr'><strong>tule1it</strong></span> <span class='ocrx_word' id='word_1_223' title='bbox 817 2127 883 2162; x_wconf 83' lang='grc' dir='ltr'><strong><em>τὸν</em></strong></span> <span class='ocrx_word' id='word_1_224' title='bbox 890 2126 1170 2183; x_wconf 84' lang='grc' dir='ltr'><strong><em>πορευόμενον.</em></strong></span> 
     </span>
    </p>
   </div>
   <div class='ocr_carea' id='block_1_10' title="bbox 549 2170 1792 2263">
    <p class='ocr_par' dir='ltr' id='par_1_17' title="bbox 549 2170 1792 2263">
     <span class='ocr_line' id='line_1_34' title="bbox 552 2170 1242 2218; baseline -0.004 -9"><span class='ocrx_word' id='word_1_225' title='bbox 552 2173 607 2210; x_wconf 87' lang='grc'><strong>14.</strong></span> <span class='ocrx_word' id='word_1_226' title='bbox 636 2176 690 2209; x_wconf 84' lang='grc'><strong><em>19.</em></strong></span> <span class='ocrx_word' id='word_1_227' title='bbox 717 2173 858 2218; x_wconf 72' lang='grc' dir='ltr'><strong><em>ἔχρησε]</em></strong></span> <span class='ocrx_word' id='word_1_228' title='bbox 884 2170 1038 2218; x_wconf 83' lang='grc' dir='ltr'><strong><em>ἤχρησεν</em></strong></span> <span class='ocrx_word' id='word_1_229' title='bbox 1063 2174 1116 2207; x_wconf 82' lang='lat' dir='ltr'><strong><em>ed.</em></strong></span> <span class='ocrx_word' id='word_1_230' title='bbox 1142 2176 1242 2207; x_wconf 79' lang='lat' dir='ltr'><strong>Rom.</strong></span> 
     </span>
     <span class='ocr_line' id='line_1_35' title="bbox 549 2220 1792 2263; baseline -0.001 -8"><span class='ocrx_word' id='word_1_231' title='bbox 549 2221 605 2255; x_wconf 90' lang='grc'><strong><em>14.</em></strong></span> <span class='ocrx_word' id='word_1_232' title='bbox 629 2222 685 2255; x_wconf 73' lang='lat'><strong><em>26.</em></strong></span> <span class='ocrx_word' id='word_1_233' title='bbox 708 2222 765 2255; x_wconf 71' lang='lat'><strong><em>27.</em></strong></span> <span class='ocrx_word' id='word_1_234' title='bbox 805 2223 901 2254; x_wconf 86' lang='lat' dir='ltr'><strong>Haec</strong></span> <span class='ocrx_word' id='word_1_235' title='bbox 932 2221 1091 2254; x_wconf 80' lang='lat' dir='ltr'><strong><em>referunt</em></strong></span> <span class='ocrx_word' id='word_1_236' title='bbox 1122 2229 1318 2253; x_wconf 82' lang='lat' dir='ltr'><strong>sermonem</strong></span> <span class='ocrx_word' id='word_1_237' title='bbox 1342 2224 1584 2263; x_wconf 84' lang='lat' dir='ltr'><strong>excerptorum</strong></span> <span class='ocrx_word' id='word_1_238' title='bbox 1609 2220 1792 2254; x_wconf 88' lang='lat' dir='ltr'><strong>Hoesche-</strong></span> 
     </span>
    </p>
   </div>
   <div class='ocr_carea' id='block_1_11' title="bbox 452 2267 639 2301">
    <p class='ocr_par' dir='ltr' id='par_1_18' title="bbox 452 2267 639 2301">
     <span class='ocr_line' id='line_1_36' title="bbox 452 2267 639 2301; baseline -0.005 0"><span class='ocrx_word' id='word_1_239' title='bbox 452 2267 639 2301; x_wconf 85' lang='lat' dir='ltr'><strong>lianorum.</strong></span> 
     </span>
    </p>
   </div>
   <div class='ocr_carea' id='block_1_12' title="bbox 499 2385 1791 2432">
    <p class='ocr_par' dir='ltr' id='par_1_19' title="bbox 499 2385 1791 2432">
     <span class='ocr_line' id='line_1_37' title="bbox 499 2385 1791 2432; baseline 0.001 -9"><span class='ocrx_word' id='word_1_240' title='bbox 499 2389 557 2424; x_wconf 80' lang='grc'><strong><em>14.</em></strong></span> <span class='ocrx_word' id='word_1_241' title='bbox 581 2388 615 2423; x_wconf 82' lang='grc'><strong><em>3.</em></strong></span> <span class='ocrx_word' id='word_1_242' title='bbox 666 2389 779 2423; x_wconf 84' lang='lat' dir='ltr'><strong>Locus</strong></span> <span class='ocrx_word' id='word_1_243' title='bbox 812 2388 1024 2432; x_wconf 74' lang='lat' dir='ltr'><strong>acephalus,</strong></span> <span class='ocrx_word' id='word_1_244' title='bbox 1063 2397 1166 2431; x_wconf 86' lang='lat' dir='ltr'><strong>quem</strong></span> <span class='ocrx_word' id='word_1_245' title='bbox 1209 2385 1410 2432; x_wconf 79' lang='lat' dir='ltr'><strong>eclogarius</strong></span> <span class='ocrx_word' id='word_1_246' title='bbox 1446 2387 1562 2431; x_wconf 79' lang='lat' dir='ltr'><strong>posuit</strong></span> <span class='ocrx_word' id='word_1_247' title='bbox 1602 2387 1791 2424; x_wconf 74' lang='lat' dir='ltr'><strong><em>delectatus</em></strong></span> 
     </span>
    </p>
   </div>
   <div class='ocr_carea' id='block_1_13' title="bbox 407 2434 1786 2525">
    <p class='ocr_par' dir='ltr' id='par_1_20' title="bbox 407 2434 1773 2525">
     <span class='ocr_line' id='line_1_38' title="bbox 407 2434 1061 2470; baseline -0.005 0"><span class='ocrx_word' id='word_1_248' title='bbox 407 2435 511 2470; x_wconf 80' lang='lat' dir='ltr'><strong>unica</strong></span> <span class='ocrx_word' id='word_1_249' title='bbox 532 2435 721 2469; x_wconf 82' lang='lat' dir='ltr'><strong>sententiae</strong></span> <span class='ocrx_word' id='word_1_250' title='bbox 741 2434 931 2468; x_wconf 87' lang='lat' dir='ltr'><strong>nobilitate.</strong></span> <span class='ocrx_word' id='word_1_251' title='bbox 961 2434 1061 2467; x_wconf 86' lang='lat' dir='ltr'><strong>MAI.</strong></span> 
     </span>
     <span class='ocr_line' id='line_1_39' title="bbox 501 2478 1786 2525; baseline -0.001 -9"><span class='ocrx_word' id='word_1_252' title='bbox 501 2482 638 2516; x_wconf 57' lang='lat'>1410</span> <span class='ocrx_word' id='word_1_253' title='bbox 662 2480 888 2514; x_wconf 75' lang='lat' dir='ltr'><strong>Locrensium</strong></span> <span class='ocrx_word' id='word_1_254' title='bbox 905 2479 1073 2513; x_wconf 83' lang='lat' dir='ltr'><strong>iustitiam</strong></span> <span class='ocrx_word' id='word_1_255' title='bbox 1088 2481 1341 2513; x_wconf 83' lang='lat' dir='ltr'><strong>commemorat</strong></span> <span class='ocrx_word' id='word_1_256' title='bbox 1357 2478 1465 2513; x_wconf 78' lang='lat' dir='ltr'><strong>etiam</strong></span> <span class='ocrx_word' id='word_1_257' title='bbox 1479 2479 1606 2514; x_wconf 84' lang='lat' dir='ltr'><strong>Strabo</strong></span> <span class='ocrx_word' id='word_1_258' title='bbox 1624 2480 1683 2514; x_wconf 85' lang='lat' dir='ltr'><strong><em>VI.</em></strong></span> <span class='ocrx_word' id='word_1_259' title='bbox 1709 2491 1786 2525; x_wconf 85' lang='lat' dir='ltr'><strong>cap.</strong></span> 
     </span>
    </p>
   </div>
   <div class='ocr_carea' id='block_1_14' title="bbox 403 2525 1787 2845">
    <p class='ocr_par' dir='ltr' id='par_1_21' title="bbox 408 2525 1443 2570">
     <span class='ocr_line' id='line_1_40' title="bbox 408 2525 1443 2570; baseline -0.003 -9"><span class='ocrx_word' id='word_1_260' title='bbox 408 2527 436 2562; x_wconf 89' lang='lat' dir='ltr'><strong><em>I.</em></strong></span> <span class='ocrx_word' id='word_1_261' title='bbox 460 2528 501 2569; x_wconf 86' lang='grc'><strong><em>8,</em></strong></span> <span class='ocrx_word' id='word_1_262' title='bbox 526 2538 652 2569; x_wconf 79' lang='lat' dir='ltr'><strong>eosque</strong></span> <span class='ocrx_word' id='word_1_263' title='bbox 675 2526 806 2570; x_wconf 81' lang='lat' dir='ltr'><strong>primos</strong></span> <span class='ocrx_word' id='word_1_264' title='bbox 829 2525 878 2559; x_wconf 86' lang='lat' dir='ltr'><strong>ait</strong></span> <span class='ocrx_word' id='word_1_265' title='bbox 901 2525 1036 2568; x_wconf 80' lang='lat' dir='ltr'><strong>scriptis</strong></span> <span class='ocrx_word' id='word_1_266' title='bbox 1058 2526 1194 2570; x_wconf 84' lang='lat' dir='ltr'><strong>legibus</strong></span> <span class='ocrx_word' id='word_1_267' title='bbox 1217 2537 1307 2559; x_wconf 80' lang='lat' dir='ltr'><strong>usos.</strong></span> <span class='ocrx_word' id='word_1_268' title='bbox 1342 2525 1443 2558; x_wconf 86' lang='lat' dir='ltr'><strong>MAI.</strong></span> 
     </span>
    </p>

    <p class='ocr_par' dir='ltr' id='par_1_22' title="bbox 404 2571 1787 2662">
     <span class='ocr_line' id='line_1_41' title="bbox 499 2571 1787 2625; baseline 0 -19"><span class='ocrx_word' id='word_1_269' title='bbox 499 2571 1125 2625; x_wconf 80' lang='grc' dir='ltr'><strong><em>14.11.μαστιγονομηθήσεσθαι]</em></strong></span> <span class='ocrx_word' id='word_1_270' title='bbox 1150 2572 1318 2605; x_wconf 79' lang='lat' dir='ltr'><strong>Notcmus</strong></span> <span class='ocrx_word' id='word_1_271' title='bbox 1343 2571 1449 2604; x_wconf 89' lang='lat' dir='ltr'><strong><em>hoc</em></strong></span> <span class='ocrx_word' id='word_1_272' title='bbox 1435 2571 1605 2614; x_wconf 54' lang='lat' dir='ltr'><strong>erbum,</strong></span> <span class='ocrx_word' id='word_1_273' title='bbox 1629 2574 1668 2606; x_wconf 89' lang='lat' dir='ltr'><strong><em>ut</em></strong></span> <span class='ocrx_word' id='word_1_274' title='bbox 1688 2574 1787 2616; x_wconf 85' lang='lat' dir='ltr'><strong>puto,</strong></span> 
     </span>
     <span class='ocr_line' id='line_1_42' title="bbox 404 2615 1572 2662; baseline -0.003 -9"><span class='ocrx_word' id='word_1_275' title='bbox 404 2618 623 2659; x_wconf 82' lang='lat' dir='ltr'><strong>inauditum3</strong></span> <span class='ocrx_word' id='word_1_276' title='bbox 646 2619 710 2652; x_wconf 81' lang='lat' dir='ltr'><strong>etsi</strong></span> <span class='ocrx_word' id='word_1_277' title='bbox 732 2617 865 2651; x_wconf 87' lang='lat' dir='ltr'><strong>iamdiu</strong></span> <span class='ocrx_word' id='word_1_278' title='bbox 889 2621 984 2651; x_wconf 82' lang='lat' dir='ltr'><strong>extat</strong></span> <span class='ocrx_word' id='word_1_279' title='bbox 1007 2629 1133 2651; x_wconf 89' lang='lat' dir='ltr'><strong>nomen</strong></span> <span class='ocrx_word' id='word_1_280' title='bbox 1155 2615 1437 2662; x_wconf 81' lang='grc' dir='ltr'><strong><em>μαστιγονόμος.</em></strong></span> <span class='ocrx_word' id='word_1_281' title='bbox 1473 2617 1572 2652; x_wconf 86' lang='lat' dir='ltr'><strong>MAI.</strong></span> 
     </span>
    </p>

    <p class='ocr_par' dir='ltr' id='par_1_23' title="bbox 404 2644 1786 2751">
     <span class='ocr_line' id='line_1_43' title="bbox 497 2644 1786 2708; baseline 0 -10"><span class='ocrx_word' id='word_1_282' title='bbox 497 2644 636 2699; x_wconf 83' lang='grc'><strong>14.16.</strong></span> <span class='ocrx_word' id='word_1_283' title='bbox 670 2661 857 2708; x_wconf 79' lang='grc' dir='ltr'><strong><em>ὑπηρέτει]</em></strong></span> <span class='ocrx_word' id='word_1_284' title='bbox 884 2663 1108 2705; x_wconf 81' lang='lat' dir='ltr'><strong>Abrumpitur</strong></span> <span class='ocrx_word' id='word_1_285' title='bbox 1130 2674 1263 2703; x_wconf 75' lang='lat' dir='ltr'><strong>sei-[1103</strong></span> <span class='ocrx_word' id='word_1_286' title='bbox 1295 2665 1523 2706; x_wconf 80' lang='lat' dir='ltr'><strong>quamobrem</strong></span> <span class='ocrx_word' id='word_1_287' title='bbox 1545 2663 1670 2698; x_wconf 85' lang='lat' dir='ltr'><strong>merito</strong></span> <span class='ocrx_word' id='word_1_288' title='bbox 1688 2663 1786 2698; x_wconf 84' lang='lat' dir='ltr'><strong>dole-</strong></span> 
     </span>
     <span class='ocr_line' id='line_1_44' title="bbox 404 2687 1356 2751; baseline -0.002 -7"><span class='ocrx_word' id='word_1_289' title='bbox 404 2721 483 2744; x_wconf 84' lang='lat' dir='ltr'><strong><em>mus</em></strong></span> <span class='ocrx_word' id='word_1_290' title='bbox 506 2710 664 2744; x_wconf 72' lang='lat' dir='ltr'><strong>curiosae</strong></span> <span class='ocrx_word' id='word_1_291' title='bbox 686 2708 894 2743; x_wconf 80' lang='lat' dir='ltr'>narrationis</span> <span class='ocrx_word' id='word_1_292' title='bbox 916 2709 1222 2751; x_wconf 80' lang='lat' dir='ltr'><strong>imperfectionem.</strong></span> <span class='ocrx_word' id='word_1_293' title='bbox 1253 2687 1356 2743; x_wconf 74' lang='grc' dir='ltr'><strong><em>7ΜΑΙ.</em></strong></span> 
     </span>
    </p>

    <p class='ocr_par' dir='ltr' id='par_1_24' title="bbox 403 2753 1784 2845">
     <span class='ocr_line' id='line_1_45' title="bbox 497 2753 1784 2799; baseline -0.001 -9"><span class='ocrx_word' id='word_1_294' title='bbox 497 2756 555 2790; x_wconf 82' lang='grc'><strong><em>14.</em></strong></span> <span class='ocrx_word' id='word_1_295' title='bbox 579 2756 635 2790; x_wconf 83' lang='lat'><strong><em>20.</em></strong></span> <span class='ocrx_word' id='word_1_296' title='bbox 667 2757 757 2789; x_wconf 90' lang='lat' dir='ltr'><strong><em>Rem</em></strong></span> <span class='ocrx_word' id='word_1_297' title='bbox 777 2754 948 2797; x_wconf 81' lang='lat' dir='ltr'><strong>copiosius</strong></span> <span class='ocrx_word' id='word_1_298' title='bbox 963 2759 1082 2788; x_wconf 80' lang='lat' dir='ltr'><strong>narrat</strong></span> <span class='ocrx_word' id='word_1_299' title='bbox 1095 2755 1285 2788; x_wconf 84' lang='lat' dir='ltr'><strong>Pausanias</strong></span> <span class='ocrx_word' id='word_1_300' title='bbox 1300 2755 1356 2788; x_wconf 85' lang='lat' dir='ltr'><strong><em>IV.</em></strong></span> <span class='ocrx_word' id='word_1_301' title='bbox 1382 2753 1428 2788; x_wconf 87' lang='lat'><strong><em>15</em></strong></span> <span class='ocrx_word' id='word_1_302' title='bbox 1440 2782 1448 2797; x_wconf 93' lang='lat'>,</span> <span class='ocrx_word' id='word_1_303' title='bbox 1473 2755 1533 2799; x_wconf 88' lang='lat' dir='ltr'><strong>qui</strong></span> <span class='ocrx_word' id='word_1_304' title='bbox 1550 2755 1600 2788; x_wconf 84' lang='lat' dir='ltr'><strong><em>ait</em></strong></span> <span class='ocrx_word' id='word_1_305' title='bbox 1615 2757 1659 2789; x_wconf 80' lang='lat' dir='ltr'><strong><em>ab</em></strong></span> <span class='ocrx_word' id='word_1_306' title='bbox 1677 2755 1784 2790; x_wconf 79' lang='lat' dir='ltr'><strong>Athe-</strong></span> 
     </span>
     <span class='ocr_line' id='line_1_46' title="bbox 403 2767 1784 2845; baseline 0.001 -11"><span class='ocrx_word' id='word_1_307' title='bbox 403 2801 602 2843; x_wconf 75' lang='lat' dir='ltr'><strong>niensibus,</strong></span> <span class='ocrx_word' id='word_1_308' title='bbox 636 2802 695 2845; x_wconf 83' lang='lat' dir='ltr'><strong><em>qui</em></strong></span> <span class='ocrx_word' id='word_1_309' title='bbox 721 2801 976 2844; x_wconf 84' lang='lat' dir='ltr'><strong>Spartanorum</strong></span> <span class='ocrx_word' id='word_1_310' title='bbox 999 2801 1218 2835; x_wconf 81' lang='lat' dir='ltr'><strong>incrementis</strong></span> <span class='ocrx_word' id='word_1_311' title='bbox 1238 2800 1457 2843; x_wconf 79' lang='lat' dir='ltr'><strong>invidebant,</strong></span> <span class='ocrx_word' id='word_1_312' title='bbox 1473 2767 1640 2836; x_wconf 83' lang='lat' dir='ltr'><strong><em>qmissum</em></strong></span> <span class='ocrx_word' id='word_1_313' title='bbox 1662 2802 1784 2837; x_wconf 85' lang='lat' dir='ltr'><strong>ducem</strong></span> 
     </span>
    </p>
   </div>
   <div class='ocr_carea' id='block_1_15' title="bbox 403 2846 1291 2893">
    <p class='ocr_par' dir='ltr' id='par_1_25' title="bbox 403 2846 1291 2893">
     <span class='ocr_line' id='line_1_47' title="bbox 403 2846 1291 2893; baseline -0.003 -10"><span class='ocrx_word' id='word_1_314' title='bbox 403 2848 596 2892; x_wconf 77' lang='lat' dir='ltr'><strong>Tyrtaeum</strong></span> <span class='ocrx_word' id='word_1_315' title='bbox 619 2847 900 2893; x_wconf 76' lang='lat' dir='ltr'><strong>ludimagistrum</strong></span> <span class='ocrx_word' id='word_1_316' title='bbox 923 2850 958 2881; x_wconf 85' lang='lat' dir='ltr'><strong><em>et</em></strong></span> <span class='ocrx_word' id='word_1_317' title='bbox 978 2846 1151 2882; x_wconf 86' lang='lat' dir='ltr'><strong>claudum.</strong></span> <span class='ocrx_word' id='word_1_318' title='bbox 1192 2846 1291 2881; x_wconf 72' lang='lat' dir='ltr'><strong>MAI.</strong></span> 
     </span>
    </p>
   </div>
   <div class='ocr_carea' id='block_1_16' title="bbox 1918 0 1953 3346">
    <p class='ocr_par' dir='ltr' id='par_1_26' title="bbox 1918 0 1953 3346">
     <span class='ocr_line' id='line_1_48' title="bbox 1918 0 1953 3346; baseline 0 0"><span class='ocrx_word' id='word_1_319' title='bbox 1918 0 1953 3346; x_wconf 95' lang='lat' dir='ltr'><strong><em> </em></strong></span> 
     </span>
    </p>
   </div>
  </div>
 </body>
</html>
