1968 3346
403 236 488 277 19⁰
726 227 1155 272 FRAGMENTA
1194 230 1244 271 L.
1273 228 1470 272 VL—x.

316 351 374 392 30
403 345 525 387 idem
550 342 814 385 adiacentia
834 341 1010 399 oppida
1035 341 1238 393 sustulit,-
1277 350 1374 384 tum
1393 349 1566 385 veteres
1587 341 1693 384 illas
1714 356 1792 385 ur-

399 402 495 451 bes,
530 415 641 459 quae
662 399 940 442 Latinorum
967 399 1075 441 olim
1095 399 1385 452 dicebantur,
1422 399 1639 440 exstruxit
1667 407 1790 440 octo-

400 459 569 508 decim,
605 455 748 498 Tibur
768 455 992 507 videlicet,
1022 456 1282 504 Praeneste,
1317 455 1500 506 Gabios,
1535 455 1791 504 Tusculum,

401 515 595 561 Coram.
627 512 909 565 Pometiam,
939 513 1228 564 Lanuvium,
1265 512 1508 563 Labicum,
1539 512 1789 567 Scaptium,

399 571 654 619 Satricum,
682 569 914 620 Ariciam,
951 570 1184 614 Tellenas.
1214 568 1589 619 Crustumerium,
1623 569 1791 610 Caeni-

314 631 370 674 35
399 642 524 678 nam,
555 626 803 681 Fregellas,
831 625 1106 678 Cameriam‚
1128 626 1413 675 stledulliam,
1435 625 1633 676 Boilum,
1656 640 1791 681 quam

400 682 608 727 nonnulli
625 683 795 725 Bolam
824 682 990 725 dicunt.
1037 682 1213 725 Latino
1233 691 1411 725 mortuo
1432 698 1512 724 rex
1531 690 1705 722 creatus
1728 688 1791 722 est

385 739 520 798 filius
542 740 640 782 eius
663 739 787 796 Alba
805 738 994 789 Silvius,
1026 740 1102 797 qui
1121 739 1256 781 annis
1276 747 1373 781 octo
1393 747 1436 782 et
1453 739 1648 794 triginta
1659 745 1790 793 pote-

397 805 561 839 statem
584 796 782 838 retinuit.
810 803 977 852 postea
1006 796 1251 852 imperavit
1271 796 1436 852 Epitus
1459 795 1628 837 Silvius
1654 794 1790 835 annis

397 854 568 911 viginti
598 868 684 894 sex.
724 868 807 909 quo
828 851 1041 910 defuncto
1061 867 1254 910 regumn
1278 852 1516 908 delapsum
1538 858 1602 894 est
1619 851 1684 892 ad
1705 849 1790 891 Ca-

316 916 372 960 40
397 926 518 968 pyn,
548 910 682 966 idque
702 911 744 951 ei
764 911 936 951 mansit
962 910 1098 951 annis
1121 909 1478 966 duodetriginta.
1500 914 1662 965 postea
1687 905 1791 948 Cal-

395 975 529 1024 petus
565 965 690 1024 filius
719 966 810 1007 eius
848 966 983 1008 annis
1018 965 1237 1008 tredecim
1269 966 1528 1008 dominatus
1563 971 1640 1006 est.
1685 979 1791 1005 mox

406 1024 612 1066 Tiberius
640 1022 809 1064 Silvius
844 1023 980 1064 annis
1013 1031 1124 1065 octo.
1165 1023 1203 1064 is
1231 1023 1451 1064 adversus
1475 1022 1688 1065 Etruscos
1713 1036 1792 1062 ex-

399 1081 631 1137 peditione
661 1087 891 1136 suscepta,
923 1080 1033 1120 dum
1058 1079 1231 1123 Albam
1241 1080 1445 1139 fluvium
1473 1093 1572 1120 cum
1602 1077 1794 1120 exercitu.

401 1138 749 1188 transmitteret,
774 1137 962 1193 gurgite
983 1137 1074 1178 eius
1099 1152 1270 1179 mersus
1289 1136 1419 1178 obiit:
1451 1150 1504 1177 ex
1525 1150 1607 1192 quo
1627 1150 1792 1175 nomen

318 1200 374 1245 45
398 1194 538 1252 fluvii
566 1193 775 1249 deinceps
789 1192 890 1250 fuit
923 1193 1110 1234 Tiberis.
1151 1210 1201 1235 eo
1225 1193 1350 1235 vitae
1373 1201 1526 1248 erepto
1547 1190 1793 1247 imperavit

402 1251 591 1293 Latinis
612 1250 829 1306 Agrippa
850 1250 1169 1307 quadraginta
1191 1250 1326 1291 annis
1348 1257 1390 1291 et
1409 1265 1511 1290 uno.
1545 1249 1661 1289 stunc
1683 1263 1791 1288 con-

401 1314 571 1349 secutus
592 1314 656 1348 est
677 1306 888 1348 Amulius
908 1306 1077 1348 Silvius
1101 1307 1237 1348 arinis
1256 1305 1561 1362 undeviginti.
1593 1304 1665 1345 liic
1688 1311 1791 1345 tra-

405 1364 528 1406 ditur
546 1364 596 1405 in
617 1363 743 1404 omni
761 1363 864 1404 vita
881 1363 1068 1420 superbe
1085 1379 1131 1404 se
1143 1364 1358 1420 gessisse,
1387 1371 1430 1404 et
1450 1377 1549 1403 cum
1565 1361 1664 1417 ipso
1682 1361 1793 1401 Ioue

404 1420 461 1463 de
496 1420 705 1476 potentia
741 1420 1028 1462 aemulanter
1063 1427 1264 1462 certasse.
1309 1434 1449 1476 quare
1489 1426 1532 1459 et
1561 1417 1792 1459 interdum

315 1487 371 1530 50
392 1476 630 1534 fructuum
659 1483 881 1532 tempore,
913 1492 1046 1533 quum
1059 1475 1326 1533 frequentia
1353 1483 1395 1517 et
1420 1475 1703 1517 vehementia
1720 1481 1793 1515 to-

399 1534 557 1576 nitrua
581 1533 926 1581 exaudirentur,
965 1534 1003 1574 is
1029 1534 1271 1575 exercitum
1299 1547 1427 1573 suum
1453 1531 1632 1574 iubebat
1659 1531 1792 1586 signo

395 1591 520 1632 edito
554 1590 730 1646 clypeos
766 1589 1046 1632 unanimiter
1065 1589 1242 1646 gladiis
1263 1596 1521 1645 percutere,
1564 1595 1696 1644 atque
1725 1588 1792 1628 ita

386 1646 585 1704 putabat
608 1662 654 1688 se
673 1647 946 1702 graviorem
968 1647 1135 1688 tonitru
1147 1644 1397 1703 fragorem
1415 1645 1622 1687 excitare.
1654 1659 1792 1701 quare

363 1719 366 1722 ·
397 1711 437 1746 et
455 1703 637 1760 superbi
655 1704 703 1744 in
725 1702 830 1744 deos
849 1703 996 1744 animi
1009 1719 1187 1759 poenas
1219 1702 1302 1743 luit
1315 1700 1590 1760 fulminibus
1616 1708 1791 1743 enectus

313 1771 369 1816 55
400 1775 583 1817 cumque
621 1760 755 1801 domo
796 1760 1013 1801 universa
1053 1759 1131 1800 sub
1167 1759 1314 1800 lacum
1338 1759 1573 1801 Albanum
1609 1772 1793 1799 mersus.

400 1818 650 1860 etiamnum
682 1814 882 1857 Romani
910 1817 1034 1857 lacus
1063 1816 1186 1858 illius
1215 1815 1398 1858 accolae
1430 1815 1627 1872 vestigia
1656 1828 1792 1870 quae-

399 1874 510 1916 dam
533 1873 869 1923 demonstrant,
900 1873 1132 1915 columnas
1154 1873 1374 1914 nimirum
1394 1888 1515 1929 aqua
1533 1872 1793 1917 eminentes,

399 1931 522 1972 cuius
550 1931 599 1971 in
621 1928 775 1987 fundo
800 1930 934 1986 regia
956 1930 1115 1971 domus
1135 1929 1227 1970 sita
1249 1937 1362 1971 erat.
1424 1930 1528 1971 exin
1557 1928 1693 1969 lectus
1725 1934 1792 1968 est

398 1987 645 2037 Aventius,
688 1986 762 2041 qui
793 1987 930 2028 annis
965 1993 1132 2042 septem
1161 2001 1303 2042 supra
1339 1986 1534 2042 triginta
1564 1983 1793 2041 regnavit.

316 2052 373 2093 60
403 2044 441 2085 is
457 2043 634 2099 proelio
648 2041 963 2100 finitimorum
986 2058 1266 2100 magnopere
1281 2058 1462 2099 pressus
1482 2043 1527 2084 in
1547 2040 1794 2083 Aventium

401 2100 558 2142 collem
580 2097 710 2157 fuga
738 2115 784 2140 se
817 2099 1051 2147 subduxit,
1097 2100 1171 2156 qui
1201 2115 1253 2140 ex
1285 2115 1335 2141 eo
1369 2115 1533 2141 nomen
1567 2097 1795 2139 contraxit

397 2157 600 2201 Aventii.
642 2159 724 2198 noc
744 2155 930 2200 obeunte
953 2156 1310 2199 dominationem
1336 2157 1508 2214 excepit
1522 2152 1656 2213 filius
1681 2154 1793 2195 eius-

397 2301 456 2337 32.
483 2302 690 2347 Tusculum]
725 2303 843 2337 Codex
875 2314 964 2338 arm.
1002 2304 1188 2339 Tiscalum.
1222 2302 1322 2337 MAI.
1483 2302 1541 2336 33.
1578 2301 1790 2345 Pometiam}

399 2349 516 2382 Codex
541 2360 630 2382 arm.
655 2350 870 2389 Cometiam,
896 2350 986 2383 unde
1009 2351 1141 2384 faceres
1164 2349 1271 2383 etiam
1299 2348 1495 2383 Collatiam.
1519 2349 1616 2383 MAI.
1734 2349 1793 2383 34.

401 2395 697 2437 Crustumerium]
723 2397 839 2429 Codex
861 2407 950 2430 arm.
969 2397 1247 2431 Ocostomeriam.
1273 2397 1369 2429 MAI.
1509 2394 1565 2429 35.
1591 2395 1791 2440 Fregellas]

398 2441 516 2474 Codex
547 2453 635 2477 arm.
664 2443 868 2487 Flcgenam.
903 2442 1002 2476 MAI.
1155 2442 1386 2485 Medulliam]
1423 2442 1540 2475 Codex
1563 2453 1651 2475 arm.
1677 2441 1793 2474 Medi—

394 2488 518 2531 plium.
552 2488 650 2521 MAI.
769 2489 827 2523 37.
852 2493 926 2522 octo
951 2494 984 2522 et
1007 2489 1183 2534 triginta]
1217 2489 1369 2522 XXXIX
1392 2488 1606 2531 computatio
1733 2486 1791 2522 39.

400 2534 543 2577 Capyn]
578 2535 693 2567 Codex
715 2545 805 2568 arm.
829 2534 909 2568 heic
931 2535 1044 2577 Apin,
1079 2536 1138 2568 sed
1162 2534 1255 2568 iufra
1278 2535 1504 2578 praeponitur
1531 2535 1566 2567 C.
1601 2534 1699 2567 MAI.

397 2580 456 2612 42.
485 2580 664 2623 Tiberius]
691 2580 743 2615 Ita
767 2581 873 2614 etiam
896 2580 990 2614 infra
1014 2592 1076 2623 pro
1101 2581 1289 2614 Tiberinus.
1315 2581 1412 2614 MAI.
1527 2581 1585 2614 47.
1609 2581 1662 2613 Ita
1682 2580 1791 2613 Amu-

398 2626 466 2658 lius
490 2626 597 2659 codex
619 2637 704 2660 arm.
725 2627 866 2670 quicum
884 2627 1052 2660 consentit
1069 2627 1225 2660 Zonaras
1242 2628 1366 2660 Annal.
1388 2627 1458 2659 vn.
1483 2625 1516 2658 1.
1551 2627 1688 2659 Graece
1710 2625 1791 2657 heic

402 2672 582 2715 [Excerpt.
601 2672 644 2704 de
662 2673 747 2705 Virt.
773 2677 807 2706 et
825 2673 892 2706 Yit.
918 2673 1041 2715 12516.
1056 2673 1128 2717 56]
1158 2674 1333 2706 Romulus.
1358 2674 1411 2707 Ab
1427 2672 1579 2706 Eusebio
1602 2672 1792 2715 posteriore

400 2718 492 2751 libro
509 2717 544 2751 in
560 2730 685 2763 regum
705 2719 834 2752 tabulis
850 2719 1016 2752 scribitur
1030 2720 1223 2753 Aremulus.
1249 2720 1335 2752 MAI
1427 2720 1484 2753 60.
1510 2718 1710 2761 Aventium]
1736 2717 1791 2750 Ita

400 2763 509 2796 codex
532 2775 622 2797 arm.
648 2764 706 2798 cui
729 2765 945 2809 suffragatur
967 2765 1074 2799 etiam
1096 2765 1256 2810 Dionysii
1279 2764 1394 2801 Halic.
1417 2765 1518 2798 varia
1539 2766 1663 2798 saltem
1686 2763 1790 2796 lectio

400 2809 518 2852 Antiq.
537 2810 563 2844 1.
588 2810 645 2843 Si.
704 2812 798 2854 Quin
831 2817 865 2845 et
892 2816 991 2845 vetus
1022 2812 1191 2855 interpres
1221 2812 1388 2846 orationis
1417 2812 1603 2845 Tullianae
1635 2811 1677 2844 de
1707 2820 1790 2842 aere

402 2857 516 2893 alieno
541 2856 681 2892 Milonis
704 2859 757 2894 ed.
783 2862 910 2903 poster.
934 2858 973 2892 V.
996 2857 1032 2895 3.
1065 2858 1186 2894 scribit
1211 2858 1369 2894 Advento
1401 2869 1465 2903 pro
1488 2858 1669 2893 Aventirw.
1692 2855 1787 2891 MAI.

1929 446 1938 750 κ-μω-ῂῇ-ῲ-
1933 342 1937 408 ....>.
