<?xml version="1.0" encoding="UTF-8"?>
<!DOCTYPE html PUBLIC "-//W3C//DTD XHTML 1.0 Transitional//EN"
    "http://www.w3.org/TR/xhtml1/DTD/xhtml1-transitional.dtd">
<html xmlns="http://www.w3.org/1999/xhtml" xml:lang="en" lang="en">
 <head>
  <title>
</title>
<meta http-equiv="Content-Type" content="text/html;charset=utf-8" />
  <meta name='ocr-system' content='tesseract 3.04.00' />
  <meta name='ocr-capabilities' content='ocr_page ocr_carea ocr_par ocr_line ocrx_word'/>
</head>
<body>
  <div class='ocr_page' id='page_1' title='image "./p2bibliothecahisto02dioduoft_0246.png"; bbox 0 0 1968 3346; ppageno 0'>
   <div class='ocr_carea' id='block_1_1' title="bbox 258 217 344 257">
    <p class='ocr_par' dir='ltr' id='par_1_1' title="bbox 258 217 344 257">
     <span class='ocr_line' id='line_1_1' title="bbox 258 217 344 257; baseline -0.023 0"><span class='ocrx_word' id='word_1_1' title='bbox 258 217 344 257; x_wconf 83' lang='lat'>228</span> 
     </span>
    </p>
   </div>
   <div class='ocr_carea' id='block_1_2' title="bbox 290 332 510 375">
    <p class='ocr_par' dir='ltr' id='par_1_2' title="bbox 290 332 510 375">
     <span class='ocr_line' id='line_1_2' title="bbox 290 332 510 375; baseline -0.009 -11"><span class='ocrx_word' id='word_1_2' title='bbox 290 332 510 375; x_wconf 78' lang='lat' dir='ltr'><strong>Fragmenta</strong></span> 
     </span>
    </p>
   </div>
   <div class='ocr_carea' id='block_1_3' title="bbox 782 198 1291 248">
    <p class='ocr_par' dir='ltr' id='par_1_3' title="bbox 782 198 1291 248">
     <span class='ocr_line' id='line_1_3' title="bbox 782 198 1291 248; baseline -0.01 0"><span class='ocrx_word' id='word_1_3' title='bbox 782 208 815 248; x_wconf 88' lang='lat' dir='ltr'>L</span> <span class='ocrx_word' id='word_1_4' title='bbox 847 208 865 248; x_wconf 87' lang='lat'>1</span> <span class='ocrx_word' id='word_1_5' title='bbox 896 208 941 246; x_wconf 91' lang='grc' dir='ltr'>Β.</span> <span class='ocrx_word' id='word_1_6' title='bbox 996 204 1111 246; x_wconf 80' lang='lat' dir='ltr'>XXI.</span> <span class='ocrx_word' id='word_1_7' title='bbox 1130 198 1291 244; x_wconf 79' lang='lat' dir='ltr'>—XL&#39;.</span> 
     </span>
    </p>
   </div>
   <div class='ocr_carea' id='block_1_4' title="bbox 592 328 773 369">
    <p class='ocr_par' dir='ltr' id='par_1_4' title="bbox 592 328 773 369">
     <span class='ocr_line' id='line_1_4' title="bbox 592 328 773 369; baseline -0.017 -9"><span class='ocrx_word' id='word_1_8' title='bbox 592 328 773 369; x_wconf 67' lang='lat' dir='ltr'>Excerpta</span> 
     </span>
    </p>
   </div>
   <div class='ocr_carea' id='block_1_5' title="bbox 593 382 773 417">
    <p class='ocr_par' dir='ltr' id='par_1_5' title="bbox 593 382 773 417">
     <span class='ocr_line' id='line_1_5' title="bbox 593 382 773 417; baseline 0 -1"><span class='ocrx_word' id='word_1_9' title='bbox 593 382 773 417; x_wconf 82' lang='lat' dir='ltr'>Vaticana</span> 
     </span>
    </p>
   </div>
   <div class='ocr_carea' id='block_1_6' title="bbox 641 660 696 695">
    <p class='ocr_par' dir='ltr' id='par_1_6' title="bbox 641 660 696 695">
     <span class='ocr_line' id='line_1_6' title="bbox 641 660 696 695; baseline 0.018 -1"><span class='ocrx_word' id='word_1_10' title='bbox 641 660 696 695; x_wconf 87' lang='lat'>66.</span> 
     </span>
    </p>
   </div>
   <div class='ocr_carea' id='block_1_7' title="bbox 580 1328 826 1366">
    <p class='ocr_par' dir='ltr' id='par_1_7' title="bbox 580 1328 826 1366">
     <span class='ocr_line' id='line_1_7' title="bbox 580 1328 826 1366; baseline 0 -1"><span class='ocrx_word' id='word_1_11' title='bbox 580 1330 625 1365; x_wconf 76' lang='lat'>65</span> <span class='ocrx_word' id='word_1_12' title='bbox 636 1331 701 1366; x_wconf 89' lang='lat' dir='ltr'>.1o.</span> <span class='ocrx_word' id='word_1_13' title='bbox 715 1348 757 1354; x_wconf 90' lang='lat'><em>-</em></span> <span class='ocrx_word' id='word_1_14' title='bbox 770 1328 826 1365; x_wconf 86' lang='grc'>68.</span> 
     </span>
    </p>
   </div>
   <div class='ocr_carea' id='block_1_8' title="bbox 638 1388 692 1424">
    <p class='ocr_par' dir='ltr' id='par_1_8' title="bbox 638 1388 692 1424">
     <span class='ocr_line' id='line_1_8' title="bbox 638 1388 692 1424; baseline 0.037 -3"><span class='ocrx_word' id='word_1_15' title='bbox 638 1388 692 1424; x_wconf 93' lang='grc'>11.</span> 
     </span>
    </p>
   </div>
   <div class='ocr_carea' id='block_1_9' title="bbox 643 2115 775 2150">
    <p class='ocr_par' dir='ltr' id='par_1_9' title="bbox 643 2115 775 2150">
     <span class='ocr_line' id='line_1_9' title="bbox 643 2115 775 2150; baseline 0.008 -1"><span class='ocrx_word' id='word_1_16' title='bbox 643 2115 698 2149; x_wconf 78' lang='grc'>68.</span> <span class='ocrx_word' id='word_1_17' title='bbox 722 2116 775 2150; x_wconf 73' lang='grc'>12.</span> 
     </span>
    </p>
   </div>
   <div class='ocr_carea' id='block_1_10' title="bbox 591 2228 744 2260">
    <p class='ocr_par' dir='ltr' id='par_1_10' title="bbox 591 2228 744 2260">
     <span class='ocr_line' id='line_1_10' title="bbox 591 2228 744 2260; baseline 0 0"><span class='ocrx_word' id='word_1_18' title='bbox 591 2228 648 2260; x_wconf 63' lang='grc'>63.</span> <span class='ocrx_word' id='word_1_19' title='bbox 692 2228 744 2260; x_wconf 88' lang='grc'>19.</span> 
     </span>
    </p>
   </div>
   <div class='ocr_carea' id='block_1_11' title="bbox 645 2283 701 2316">
    <p class='ocr_par' dir='ltr' id='par_1_11' title="bbox 645 2283 701 2316">
     <span class='ocr_line' id='line_1_11' title="bbox 645 2283 701 2316; baseline 0 -1"><span class='ocrx_word' id='word_1_20' title='bbox 645 2283 701 2316; x_wconf 81' lang='grc'>69.</span> 
     </span>
    </p>
   </div>
   <div class='ocr_carea' id='block_1_12' title="bbox 656 2559 713 2595">
    <p class='ocr_par' dir='ltr' id='par_1_12' title="bbox 656 2559 713 2595">
     <span class='ocr_line' id='line_1_12' title="bbox 656 2559 713 2595; baseline 0.035 -3"><span class='ocrx_word' id='word_1_21' title='bbox 656 2559 713 2595; x_wconf 97' lang='grc'>69.</span> 
     </span>
    </p>
   </div>
   <div class='ocr_carea' id='block_1_13' title="bbox 720 2284 755 2318">
    <p class='ocr_par' dir='ltr' id='par_1_13' title="bbox 720 2284 755 2318">
     <span class='ocr_line' id='line_1_13' title="bbox 720 2284 755 2318; baseline 0.057 -2"><span class='ocrx_word' id='word_1_22' title='bbox 720 2284 755 2318; x_wconf 71' lang='grc'>2.</span> 
     </span>
    </p>
   </div>
   <div class='ocr_carea' id='block_1_14' title="bbox 736 2559 772 2594">
    <p class='ocr_par' dir='ltr' id='par_1_14' title="bbox 736 2559 772 2594">
     <span class='ocr_line' id='line_1_14' title="bbox 736 2559 772 2594; baseline 0.056 -2"><span class='ocrx_word' id='word_1_23' title='bbox 736 2559 772 2594; x_wconf 88' lang='grc'>3.</span> 
     </span>
    </p>
   </div>
   <div class='ocr_carea' id='block_1_15' title="bbox 779 2244 832 2251">
    <p class='ocr_par' dir='ltr' id='par_1_15' title="bbox 779 2244 832 2251">
     <span class='ocr_line' id='line_1_15' title="bbox 779 2244 832 2251; baseline 0 0"><span class='ocrx_word' id='word_1_24' title='bbox 779 2244 832 2251; x_wconf 65' lang='grc' dir='ltr'>-ε</span> 
     </span>
    </p>
   </div>
   <div class='ocr_carea' id='block_1_16' title="bbox 862 325 1075 414">
    <p class='ocr_par' dir='ltr' id='par_1_16' title="bbox 862 325 1075 414">
     <span class='ocr_line' id='line_1_16' title="bbox 868 325 1056 367; baseline -0.021 -9"><span class='ocrx_word' id='word_1_25' title='bbox 868 325 1056 367; x_wconf 71' lang='lat' dir='ltr'>Excerpta</span> 
     </span>
     <span class='ocr_line' id='line_1_17' title="bbox 862 377 1075 414; baseline -0.014 0"><span class='ocrx_word' id='word_1_26' title='bbox 862 377 1075 414; x_wconf 87' lang='lat' dir='ltr'>Hoeschelii</span> 
     </span>
    </p>
   </div>
   <div class='ocr_carea' id='block_1_17' title="bbox 886 490 1044 526">
    <p class='ocr_par' dir='ltr' id='par_1_17' title="bbox 886 490 1044 526">
     <span class='ocr_line' id='line_1_18' title="bbox 886 490 1044 526; baseline 0 0"><span class='ocrx_word' id='word_1_27' title='bbox 886 490 968 526; x_wconf 75' lang='lat'>512.</span> <span class='ocrx_word' id='word_1_28' title='bbox 986 491 1044 526; x_wconf 77' lang='lat'>21.</span> 
     </span>
    </p>
   </div>
   <div class='ocr_carea' id='block_1_18' title="bbox 895 659 1050 696">
    <p class='ocr_par' dir='ltr' id='par_1_18' title="bbox 895 659 1050 696">
     <span class='ocr_line' id='line_1_19' title="bbox 895 659 1050 696; baseline -0.013 0"><span class='ocrx_word' id='word_1_29' title='bbox 895 660 976 696; x_wconf 83' lang='lat'>513.</span> <span class='ocrx_word' id='word_1_30' title='bbox 993 659 1050 694; x_wconf 87' lang='grc'>83.</span> 
     </span>
    </p>
   </div>
   <div class='ocr_carea' id='block_1_19' title="bbox 891 827 1053 863">
    <p class='ocr_par' dir='ltr' id='par_1_19' title="bbox 891 827 1053 863">
     <span class='ocr_line' id='line_1_20' title="bbox 891 827 1053 863; baseline -0.006 0"><span class='ocrx_word' id='word_1_31' title='bbox 891 830 970 863; x_wconf 85' lang='grc'><strong>513.</strong></span> <span class='ocrx_word' id='word_1_32' title='bbox 997 827 1053 862; x_wconf 89' lang='grc'>86.</span> 
     </span>
    </p>
   </div>
   <div class='ocr_carea' id='block_1_20' title="bbox 893 1109 1053 1146">
    <p class='ocr_par' dir='ltr' id='par_1_20' title="bbox 893 1109 1053 1146">
     <span class='ocr_line' id='line_1_21' title="bbox 893 1109 1053 1146; baseline -0.031 0"><span class='ocrx_word' id='word_1_33' title='bbox 893 1110 973 1146; x_wconf 84' lang='lat'>513.</span> <span class='ocrx_word' id='word_1_34' title='bbox 997 1109 1053 1144; x_wconf 87' lang='lat'>97.</span> 
     </span>
    </p>
   </div>
   <div class='ocr_carea' id='block_1_21' title="bbox 909 1329 1045 1369">
    <p class='ocr_par' dir='ltr' id='par_1_21' title="bbox 909 1329 1045 1369">
     <span class='ocr_line' id='line_1_22' title="bbox 909 1329 1045 1369; baseline 0 0"><span class='ocrx_word' id='word_1_35' title='bbox 909 1329 989 1369; x_wconf 83' lang='lat'>514.</span> <span class='ocrx_word' id='word_1_36' title='bbox 1009 1330 1045 1369; x_wconf 83' lang='lat'>4.</span> 
     </span>
    </p>
   </div>
   <div class='ocr_carea' id='block_1_22' title="bbox 902 1499 1058 1539">
    <p class='ocr_par' dir='ltr' id='par_1_22' title="bbox 902 1499 1058 1539">
     <span class='ocr_line' id='line_1_23' title="bbox 902 1499 1058 1539; baseline 0 -1"><span class='ocrx_word' id='word_1_37' title='bbox 902 1499 982 1539; x_wconf 81' lang='lat'>514.</span> <span class='ocrx_word' id='word_1_38' title='bbox 1004 1502 1058 1538; x_wconf 93' lang='lat'>11.</span> 
     </span>
    </p>
   </div>
   <div class='ocr_carea' id='block_1_23' title="bbox 1148 322 1329 410">
    <p class='ocr_par' dir='ltr' id='par_1_23' title="bbox 1148 322 1329 410">
     <span class='ocr_line' id='line_1_24' title="bbox 1148 322 1329 363; baseline -0.017 -9"><span class='ocrx_word' id='word_1_39' title='bbox 1148 322 1329 363; x_wconf 77' lang='lat' dir='ltr'>Excerpta</span> 
     </span>
     <span class='ocr_line' id='line_1_25' title="bbox 1176 375 1312 410; baseline -0.022 0"><span class='ocrx_word' id='word_1_40' title='bbox 1176 375 1312 410; x_wconf 85' lang='lat' dir='ltr'>Valesii</span> 
     </span>
    </p>
   </div>
   <div class='ocr_carea' id='block_1_24' title="bbox 1165 544 1325 582">
    <p class='ocr_par' dir='ltr' id='par_1_24' title="bbox 1165 544 1325 582">
     <span class='ocr_line' id='line_1_26' title="bbox 1165 544 1325 582; baseline -0.006 0"><span class='ocrx_word' id='word_1_41' title='bbox 1165 545 1246 582; x_wconf 88' lang='lat'>568.</span> <span class='ocrx_word' id='word_1_42' title='bbox 1268 544 1325 581; x_wconf 87' lang='lat'>56.</span> 
     </span>
    </p>
   </div>
   <div class='ocr_carea' id='block_1_25' title="bbox 1174 658 1334 694">
    <p class='ocr_par' dir='ltr' id='par_1_25' title="bbox 1174 658 1334 694">
     <span class='ocr_line' id='line_1_27' title="bbox 1174 658 1334 694; baseline 0 0"><span class='ocrx_word' id='word_1_43' title='bbox 1174 658 1254 694; x_wconf 89' lang='grc'><strong>568.</strong></span> <span class='ocrx_word' id='word_1_44' title='bbox 1277 658 1334 694; x_wconf 89' lang='grc'>59.</span> 
     </span>
    </p>
   </div>
   <div class='ocr_carea' id='block_1_26' title="bbox 1171 936 1329 981">
    <p class='ocr_par' dir='ltr' id='par_1_26' title="bbox 1171 936 1329 981">
     <span class='ocr_line' id='line_1_28' title="bbox 1171 936 1329 981; baseline -0.006 -9"><span class='ocrx_word' id='word_1_45' title='bbox 1171 937 1250 972; x_wconf 82' lang='lat'>568.</span> <span class='ocrx_word' id='word_1_46' title='bbox 1271 936 1329 981; x_wconf 26' lang='lat'>612.</span> 
     </span>
    </p>
   </div>
   <div class='ocr_carea' id='block_1_27' title="bbox 1177 1325 1335 1364">
    <p class='ocr_par' dir='ltr' id='par_1_27' title="bbox 1177 1325 1335 1364">
     <span class='ocr_line' id='line_1_29' title="bbox 1177 1325 1335 1364; baseline 0.006 -1"><span class='ocrx_word' id='word_1_47' title='bbox 1177 1328 1257 1363; x_wconf 84' lang='lat'>568.</span> <span class='ocrx_word' id='word_1_48' title='bbox 1279 1325 1335 1364; x_wconf 79' lang='lat'>64.</span> 
     </span>
    </p>
   </div>
   <div class='ocr_carea' id='block_1_28' title="bbox 1135 1496 1380 1536">
    <p class='ocr_par' dir='ltr' id='par_1_28' title="bbox 1135 1496 1380 1536">
     <span class='ocr_line' id='line_1_30' title="bbox 1135 1496 1380 1536; baseline 0.004 -5"><span class='ocrx_word' id='word_1_49' title='bbox 1135 1496 1380 1536; x_wconf 73' lang='lat'>568.72,——89.</span> 
     </span>
    </p>
   </div>
   <div class='ocr_carea' id='block_1_29' title="bbox 1178 1609 1334 1701">
    <p class='ocr_par' dir='ltr' id='par_1_29' title="bbox 1178 1609 1334 1701">
     <span class='ocr_line' id='line_1_31' title="bbox 1178 1609 1334 1646; baseline 0.013 -2"><span class='ocrx_word' id='word_1_50' title='bbox 1178 1609 1259 1646; x_wconf 85' lang='lat'>568.</span> <span class='ocrx_word' id='word_1_51' title='bbox 1278 1610 1334 1646; x_wconf 85' lang='lat'>90.</span> 
     </span>
     <span class='ocr_line' id='line_1_32' title="bbox 1184 1667 1318 1701; baseline 0.007 -1"><span class='ocrx_word' id='word_1_52' title='bbox 1184 1667 1265 1701; x_wconf 90' lang='lat'>569.</span> <span class='ocrx_word' id='word_1_53' title='bbox 1283 1668 1318 1701; x_wconf 88' lang='grc'>3.</span> 
     </span>
    </p>
   </div>
   <div class='ocr_carea' id='block_1_30' title="bbox 1180 1779 1317 1816">
    <p class='ocr_par' dir='ltr' id='par_1_30' title="bbox 1180 1779 1317 1816">
     <span class='ocr_line' id='line_1_33' title="bbox 1180 1779 1317 1816; baseline 0.007 -4"><span class='ocrx_word' id='word_1_54' title='bbox 1180 1779 1260 1816; x_wconf 86' lang='grc'><strong>569.</strong></span> <span class='ocrx_word' id='word_1_55' title='bbox 1282 1779 1317 1814; x_wconf 90' lang='grc'>9.</span> 
     </span>
    </p>
   </div>
   <div class='ocr_carea' id='block_1_31' title="bbox 1176 2114 1337 2149">
    <p class='ocr_par' dir='ltr' id='par_1_31' title="bbox 1176 2114 1337 2149">
     <span class='ocr_line' id='line_1_34' title="bbox 1176 2114 1337 2149; baseline 0.012 -2"><span class='ocrx_word' id='word_1_56' title='bbox 1176 2114 1256 2148; x_wconf 82' lang='grc'><strong>569.</strong></span> <span class='ocrx_word' id='word_1_57' title='bbox 1282 2115 1337 2149; x_wconf 90' lang='grc'>18.</span> 
     </span>
    </p>
   </div>
   <div class='ocr_carea' id='block_1_32' title="bbox 1392 425 1833 1314">
    <p class='ocr_par' dir='ltr' id='par_1_32' title="bbox 1392 425 1833 1314">
     <span class='ocr_line' id='line_1_35' title="bbox 1454 425 1819 464; baseline -0.008 -2"><span class='ocrx_word' id='word_1_58' title='bbox 1454 426 1566 462; x_wconf 90' lang='lat' dir='ltr'>cundi</span> <span class='ocrx_word' id='word_1_59' title='bbox 1601 425 1686 464; x_wconf 81' lang='lat' dir='ltr'>dux.</span> <span class='ocrx_word' id='word_1_60' title='bbox 1754 426 1819 460; x_wconf 82' lang='lat' dir='ltr'>Sa-</span> 
     </span>
     <span class='ocr_line' id='line_1_36' title="bbox 1453 473 1812 530; baseline -0.006 -13"><span class='ocrx_word' id='word_1_61' title='bbox 1453 484 1561 530; x_wconf 85' lang='lat' dir='ltr'>gunti</span> <span class='ocrx_word' id='word_1_62' title='bbox 1592 473 1812 516; x_wconf 42' lang='lat' dir='ltr'>excidium*¹⁴</span> 
     </span>
     <span class='ocr_line' id='line_1_37' title="bbox 1401 539 1765 574; baseline -0.008 0"><span class='ocrx_word' id='word_1_63' title='bbox 1401 541 1561 574; x_wconf 88' lang='lat' dir='ltr'>Minucii</span> <span class='ocrx_word' id='word_1_64' title='bbox 1577 539 1765 572; x_wconf 73' lang='lat' dir='ltr'>temeritas</span> 
     </span>
     <span class='ocr_line' id='line_1_38' title="bbox 1401 594 1819 630; baseline -0.007 0"><span class='ocrx_word' id='word_1_65' title='bbox 1401 597 1503 630; x_wconf 80' lang='lat' dir='ltr'>Fabii</span> <span class='ocrx_word' id='word_1_66' title='bbox 1540 594 1728 629; x_wconf 84' lang='lat' dir='ltr'>dictatoris</span> <span class='ocrx_word' id='word_1_67' title='bbox 1764 594 1819 627; x_wconf 82' lang='lat' dir='ltr'>in-</span> 
     </span>
     <span class='ocr_line' id='line_1_39' title="bbox 1459 653 1686 695; baseline 0 -10"><span class='ocrx_word' id='word_1_68' title='bbox 1459 653 1563 686; x_wconf 87' lang='lat' dir='ltr'>doles</span> <span class='ocrx_word' id='word_1_69' title='bbox 1684 693 1686 695; x_wconf 25' lang='grc' dir='ltr'>Ι</span> 
     </span>
     <span class='ocr_line' id='line_1_40' title="bbox 1392 699 1824 743; baseline -0.014 0"><span class='ocrx_word' id='word_1_70' title='bbox 1392 699 1824 743; x_wconf 76' lang='lat' dir='ltr'>MenodotusPerinthius</span> 
     </span>
     <span class='ocr_line' id='line_1_41' title="bbox 1460 761 1824 799; baseline -0.011 0"><span class='ocrx_word' id='word_1_71' title='bbox 1460 772 1496 799; x_wconf 86' lang='lat' dir='ltr'>et</span> <span class='ocrx_word' id='word_1_72' title='bbox 1524 763 1661 798; x_wconf 84' lang='lat' dir='ltr'>Sosilus</span> <span class='ocrx_word' id='word_1_73' title='bbox 1681 761 1824 796; x_wconf 82' lang='lat' dir='ltr'>Iliensis</span> 
     </span>
     <span class='ocr_line' id='line_1_42' title="bbox 1461 816 1819 854; baseline -0.006 0"><span class='ocrx_word' id='word_1_74' title='bbox 1461 821 1628 854; x_wconf 82' lang='lat' dir='ltr'>historici</span> <span class='ocrx_word' id='word_1_75' title='bbox 1817 816 1819 818; x_wconf 69' lang='grc'><strong>’</strong></span> 
     </span>
     <span class='ocr_line' id='line_1_43' title="bbox 1403 873 1824 910; baseline -0.007 0"><span class='ocrx_word' id='word_1_76' title='bbox 1403 877 1650 910; x_wconf 83' lang='lat' dir='ltr'>Dorimachus</span> <span class='ocrx_word' id='word_1_77' title='bbox 1701 873 1824 909; x_wconf 90' lang='lat' dir='ltr'>Dodo-</span> 
     </span>
     <span class='ocr_line' id='line_1_44' title="bbox 1460 931 1750 976; baseline -0.01 -10"><span class='ocrx_word' id='word_1_78' title='bbox 1460 944 1548 966; x_wconf 85' lang='lat' dir='ltr'>nem</span> <span class='ocrx_word' id='word_1_79' title='bbox 1576 931 1704 976; x_wconf 80' lang='lat' dir='ltr'>diripit</span> <span class='ocrx_word' id='word_1_80' title='bbox 1744 943 1750 949; x_wconf 86' lang='grc'>’</span> 
     </span>
     <span class='ocr_line' id='line_1_45' title="bbox 1405 990 1827 1025; baseline -0.007 -2"><span class='ocrx_word' id='word_1_81' title='bbox 1405 990 1536 1025; x_wconf 87' lang='lat' dir='ltr'>Rhodo</span> <span class='ocrx_word' id='word_1_82' title='bbox 1566 995 1686 1022; x_wconf 81' lang='lat' dir='ltr'>terrae</span> <span class='ocrx_word' id='word_1_83' title='bbox 1722 992 1827 1021; x_wconf 86' lang='lat' dir='ltr'>motu</span> 
     </span>
     <span class='ocr_line' id='line_1_46' title="bbox 1463 1044 1828 1079; baseline -0.011 0"><span class='ocrx_word' id='word_1_84' title='bbox 1463 1057 1608 1079; x_wconf 80' lang='lat' dir='ltr'>eversae</span> <span class='ocrx_word' id='word_1_85' title='bbox 1631 1045 1675 1077; x_wconf 84' lang='lat' dir='ltr'>ab</span> <span class='ocrx_word' id='word_1_86' title='bbox 1695 1044 1828 1077; x_wconf 86' lang='lat' dir='ltr'>Hiero-</span> 
     </span>
     <span class='ocr_line' id='line_1_47' title="bbox 1461 1100 1830 1136; baseline -0.005 -2"><span class='ocrx_word' id='word_1_87' title='bbox 1461 1113 1508 1136; x_wconf 89' lang='lat' dir='ltr'>ne</span> <span class='ocrx_word' id='word_1_88' title='bbox 1518 1101 1636 1135; x_wconf 78' lang='lat' dir='ltr'>latum</span> <span class='ocrx_word' id='word_1_89' title='bbox 1649 1100 1830 1134; x_wconf 82' lang='lat' dir='ltr'>auxilium</span> 
     </span>
     <span class='ocr_line' id='line_1_48' title="bbox 1399 1156 1833 1203; baseline -0.012 -10"><span class='ocrx_word' id='word_1_90' title='bbox 1399 1156 1833 1203; x_wconf 82' lang='lat' dir='ltr'>CapuaHannibalispar-</span> 
     </span>
     <span class='ocr_line' id='line_1_49' title="bbox 1461 1211 1830 1253; baseline -0.008 -6"><span class='ocrx_word' id='word_1_91' title='bbox 1461 1215 1560 1247; x_wconf 85' lang='lat' dir='ltr'>tibus</span> <span class='ocrx_word' id='word_1_92' title='bbox 1579 1213 1740 1253; x_wconf 80' lang='lat' dir='ltr'>accedit,</span> <span class='ocrx_word' id='word_1_93' title='bbox 1767 1211 1830 1245; x_wconf 88' lang='lat' dir='ltr'>sed</span> 
     </span>
     <span class='ocr_line' id='line_1_50' title="bbox 1460 1267 1831 1314; baseline -0.008 -10"><span class='ocrx_word' id='word_1_94' title='bbox 1460 1271 1609 1304; x_wconf 79' lang='lat' dir='ltr'>luxuria</span> <span class='ocrx_word' id='word_1_95' title='bbox 1620 1269 1743 1314; x_wconf 85' lang='lat' dir='ltr'>copias</span> <span class='ocrx_word' id='word_1_96' title='bbox 1754 1267 1831 1302; x_wconf 87' lang='lat' dir='ltr'>eius</span> 
     </span>
    </p>
   </div>
   <div class='ocr_carea' id='block_1_33' title="bbox 1463 1326 1585 1372">
    <p class='ocr_par' dir='ltr' id='par_1_33' title="bbox 1463 1326 1585 1372">
     <span class='ocr_line' id='line_1_51' title="bbox 1463 1326 1585 1372; baseline 0 -12"><span class='ocrx_word' id='word_1_97' title='bbox 1463 1326 1585 1372; x_wconf 81' lang='lat' dir='ltr'>perdit</span> 
     </span>
    </p>
   </div>
   <div class='ocr_carea' id='block_1_34' title="bbox 1408 1436 1849 2272">
    <p class='ocr_par' dir='ltr' id='par_1_34' title="bbox 1408 1436 1832 1541">
     <span class='ocr_line' id='line_1_52' title="bbox 1408 1436 1832 1474; baseline -0.007 -1"><span class='ocrx_word' id='word_1_98' title='bbox 1408 1438 1627 1474; x_wconf 79' lang='lat' dir='ltr'>Hannibalis</span> <span class='ocrx_word' id='word_1_99' title='bbox 1657 1437 1697 1471; x_wconf 87' lang='lat' dir='ltr'>in</span> <span class='ocrx_word' id='word_1_100' title='bbox 1720 1436 1832 1471; x_wconf 81' lang='lat' dir='ltr'>Italia</span> 
     </span>
     <span class='ocr_line' id='line_1_53' title="bbox 1466 1501 1670 1541; baseline -0.02 -11"><span class='ocrx_word' id='word_1_101' title='bbox 1466 1508 1525 1530; x_wconf 85' lang='lat' dir='ltr'>res</span> <span class='ocrx_word' id='word_1_102' title='bbox 1548 1501 1670 1541; x_wconf 83' lang='lat' dir='ltr'>gestae</span> 
     </span>
    </p>

    <p class='ocr_par' dir='ltr' id='par_1_35' title="bbox 1410 1549 1832 1698">
     <span class='ocr_line' id='line_1_54' title="bbox 1410 1549 1832 1598; baseline -0.014 -11"><span class='ocrx_word' id='word_1_103' title='bbox 1410 1552 1596 1598; x_wconf 85' lang='lat' dir='ltr'>Syracusis</span> <span class='ocrx_word' id='word_1_104' title='bbox 1606 1561 1762 1596; x_wconf 85' lang='lat' dir='ltr'>regnum</span> <span class='ocrx_word' id='word_1_105' title='bbox 1770 1549 1832 1582; x_wconf 85' lang='lat' dir='ltr'>ca-</span> 
     </span>
     <span class='ocr_line' id='line_1_55' title="bbox 1462 1609 1832 1654; baseline -0.008 -12"><span class='ocrx_word' id='word_1_106' title='bbox 1462 1609 1832 1654; x_wconf 84' lang='lat' dir='ltr'>pessitHieronymus.</span> 
     </span>
     <span class='ocr_line' id='line_1_56' title="bbox 1466 1665 1628 1698; baseline -0.012 0"><span class='ocrx_word' id='word_1_107' title='bbox 1466 1665 1628 1698; x_wconf 87' lang='lat' dir='ltr'>moritur</span> 
     </span>
    </p>

    <p class='ocr_par' dir='ltr' id='par_1_36' title="bbox 1411 1719 1834 1821">
     <span class='ocr_line' id='line_1_57' title="bbox 1411 1719 1834 1765; baseline -0.012 -9"><span class='ocrx_word' id='word_1_108' title='bbox 1411 1721 1648 1765; x_wconf 85' lang='lat' dir='ltr'>Sempronius</span> <span class='ocrx_word' id='word_1_109' title='bbox 1670 1719 1714 1752; x_wconf 88' lang='lat' dir='ltr'>ab</span> <span class='ocrx_word' id='word_1_110' title='bbox 1732 1719 1834 1752; x_wconf 88' lang='lat' dir='ltr'>Han-</span> 
     </span>
     <span class='ocr_line' id='line_1_58' title="bbox 1468 1776 1779 1821; baseline -0.01 -11"><span class='ocrx_word' id='word_1_111' title='bbox 1468 1777 1591 1810; x_wconf 82' lang='lat' dir='ltr'>nibale</span> <span class='ocrx_word' id='word_1_112' title='bbox 1613 1776 1779 1821; x_wconf 86' lang='lat' dir='ltr'>sepultus</span> 
     </span>
    </p>

    <p class='ocr_par' dir='ltr' id='par_1_37' title="bbox 1412 1831 1849 2041">
     <span class='ocr_line' id='line_1_59' title="bbox 1412 1831 1836 1877; baseline -0.012 -9"><span class='ocrx_word' id='word_1_113' title='bbox 1412 1833 1643 1868; x_wconf 82' lang='lat' dir='ltr'>Archimedis</span> <span class='ocrx_word' id='word_1_114' title='bbox 1689 1831 1836 1877; x_wconf 84' lang='lat' dir='ltr'>ingeni-</span> 
     </span>
     <span class='ocr_line' id='line_1_60' title="bbox 1471 1888 1837 1924; baseline -0.014 0"><span class='ocrx_word' id='word_1_115' title='bbox 1471 1902 1532 1924; x_wconf 90' lang='lat' dir='ltr'>am</span> <span class='ocrx_word' id='word_1_116' title='bbox 1568 1895 1604 1923; x_wconf 87' lang='lat' dir='ltr'>et</span> <span class='ocrx_word' id='word_1_117' title='bbox 1638 1888 1837 1922; x_wconf 82' lang='lat' dir='ltr'>defenden-</span> 
     </span>
     <span class='ocr_line' id='line_1_61' title="bbox 1471 1946 1849 1989; baseline -0.013 -9"><span class='ocrx_word' id='word_1_118' title='bbox 1471 1947 1604 1980; x_wconf 79' lang='lat' dir='ltr'>darum</span> <span class='ocrx_word' id='word_1_119' title='bbox 1638 1946 1849 1989; x_wconf 32' lang='lat' dir='ltr'>Syracusa-¹</span> 
     </span>
     <span class='ocr_line' id='line_1_62' title="bbox 1470 2001 1771 2041; baseline -0.013 -5"><span class='ocrx_word' id='word_1_120' title='bbox 1470 2014 1558 2036; x_wconf 85' lang='lat' dir='ltr'>rum</span> <span class='ocrx_word' id='word_1_121' title='bbox 1576 2001 1771 2041; x_wconf 77' lang='lat' dir='ltr'>machinae</span> 
     </span>
    </p>

    <p class='ocr_par' dir='ltr' id='par_1_38' title="bbox 1414 2059 1836 2148">
     <span class='ocr_line' id='line_1_63' title="bbox 1414 2059 1836 2104; baseline -0.012 -12"><span class='ocrx_word' id='word_1_122' title='bbox 1414 2059 1619 2104; x_wconf 82' lang='lat' dir='ltr'>Syracusae</span> <span class='ocrx_word' id='word_1_123' title='bbox 1654 2062 1785 2101; x_wconf 87' lang='lat' dir='ltr'>captae</span> <span class='ocrx_word' id='word_1_124' title='bbox 1815 2065 1836 2087; x_wconf 82' lang='lat' dir='ltr'>a</span> 
     </span>
     <span class='ocr_line' id='line_1_64' title="bbox 1469 2113 1653 2148; baseline -0.011 0"><span class='ocrx_word' id='word_1_125' title='bbox 1469 2113 1653 2148; x_wconf 85' lang='lat' dir='ltr'>Marcello</span> 
     </span>
    </p>

    <p class='ocr_par' dir='ltr' id='par_1_39' title="bbox 1414 2166 1837 2272">
     <span class='ocr_line' id='line_1_65' title="bbox 1414 2166 1837 2215; baseline -0.012 -11"><span class='ocrx_word' id='word_1_126' title='bbox 1414 2171 1595 2215; x_wconf 85' lang='lat' dir='ltr'>Scipionis</span> <span class='ocrx_word' id='word_1_127' title='bbox 1607 2170 1646 2202; x_wconf 89' lang='lat' dir='ltr'>in</span> <span class='ocrx_word' id='word_1_128' title='bbox 1659 2166 1837 2214; x_wconf 83' lang='lat' dir='ltr'>Hispania</span> 
     </span>
     <span class='ocr_line' id='line_1_66' title="bbox 1470 2233 1674 2272; baseline -0.01 -12"><span class='ocrx_word' id='word_1_129' title='bbox 1470 2238 1528 2260; x_wconf 88' lang='lat' dir='ltr'>res</span> <span class='ocrx_word' id='word_1_130' title='bbox 1550 2233 1674 2272; x_wconf 84' lang='lat' dir='ltr'>gestae</span> 
     </span>
    </p>
   </div>
   <div class='ocr_carea' id='block_1_35' title="bbox 1415 2338 1839 2775">
    <p class='ocr_par' dir='ltr' id='par_1_40' title="bbox 1415 2338 1837 2483">
     <span class='ocr_line' id='line_1_67' title="bbox 1415 2338 1837 2383; baseline -0.005 -11"><span class='ocrx_word' id='word_1_131' title='bbox 1415 2338 1732 2383; x_wconf 79' lang='lat' dir='ltr'>Carthaginienses</span> <span class='ocrx_word' id='word_1_132' title='bbox 1759 2338 1837 2371; x_wconf 87' lang='lat' dir='ltr'>Nu-</span> 
     </span>
     <span class='ocr_line' id='line_1_68' title="bbox 1473 2394 1837 2428; baseline -0.003 -1"><span class='ocrx_word' id='word_1_133' title='bbox 1473 2395 1589 2428; x_wconf 83' lang='lat' dir='ltr'>midas</span> <span class='ocrx_word' id='word_1_134' title='bbox 1630 2394 1837 2427; x_wconf 79' lang='lat' dir='ltr'>Micatanos</span> 
     </span>
     <span class='ocr_line' id='line_1_69' title="bbox 1474 2451 1704 2483; baseline 0 -1"><span class='ocrx_word' id='word_1_135' title='bbox 1474 2451 1704 2483; x_wconf 76' lang='lat' dir='ltr'>ulciscuntur</span> 
     </span>
    </p>

    <p class='ocr_par' dir='ltr' id='par_1_41' title="bbox 1416 2505 1838 2596">
     <span class='ocr_line' id='line_1_70' title="bbox 1416 2505 1838 2541; baseline -0.009 0"><span class='ocrx_word' id='word_1_136' title='bbox 1416 2506 1623 2541; x_wconf 82' lang='lat' dir='ltr'>Hasdrubal</span> <span class='ocrx_word' id='word_1_137' title='bbox 1640 2505 1677 2537; x_wconf 89' lang='lat' dir='ltr'>in</span> <span class='ocrx_word' id='word_1_138' title='bbox 1691 2505 1838 2538; x_wconf 78' lang='lat' dir='ltr'>Italiam</span> 
     </span>
     <span class='ocr_line' id='line_1_71' title="bbox 1474 2561 1836 2596; baseline 0 0"><span class='ocrx_word' id='word_1_139' title='bbox 1474 2561 1586 2596; x_wconf 87' lang='lat' dir='ltr'>venit.</span> <span class='ocrx_word' id='word_1_140' title='bbox 1611 2562 1697 2594; x_wconf 88' lang='lat' dir='ltr'>Eius</span> <span class='ocrx_word' id='word_1_141' title='bbox 1708 2561 1836 2596; x_wconf 83' lang='lat' dir='ltr'>virtus.</span> 
     </span>
    </p>

    <p class='ocr_par' dir='ltr' id='par_1_42' title="bbox 1417 2618 1839 2775">
     <span class='ocr_line' id='line_1_72' title="bbox 1417 2618 1839 2661; baseline -0.007 -8"><span class='ocrx_word' id='word_1_142' title='bbox 1417 2618 1530 2653; x_wconf 87' lang='lat' dir='ltr'>Nabis</span> <span class='ocrx_word' id='word_1_143' title='bbox 1541 2618 1769 2651; x_wconf 85' lang='lat' dir='ltr'>saevissimus</span> <span class='ocrx_word' id='word_1_144' title='bbox 1781 2623 1839 2661; x_wconf 88' lang='lat' dir='ltr'>ty-</span> 
     </span>
     <span class='ocr_line' id='line_1_73' title="bbox 1472 2674 1839 2718; baseline -0.003 -11"><span class='ocrx_word' id='word_1_145' title='bbox 1472 2685 1612 2707; x_wconf 84' lang='lat' dir='ltr'>rannus</span> <span class='ocrx_word' id='word_1_146' title='bbox 1662 2674 1839 2718; x_wconf 84' lang='lat' dir='ltr'>Pelopem</span> 
     </span>
     <span class='ocr_line' id='line_1_74' title="bbox 1472 2729 1836 2775; baseline -0.003 -12"><span class='ocrx_word' id='word_1_147' title='bbox 1472 2729 1638 2775; x_wconf 82' lang='lat' dir='ltr'>Lycurgi</span> <span class='ocrx_word' id='word_1_148' title='bbox 1678 2730 1706 2766; x_wconf 87' lang='lat' dir='ltr'>f.</span> <span class='ocrx_word' id='word_1_149' title='bbox 1750 2739 1836 2763; x_wconf 92' lang='lat' dir='ltr'>cum</span> 
     </span>
    </p>
   </div>
  </div>
 </body>
</html>
