<?xml version="1.0" encoding="UTF-8"?>
<!DOCTYPE html PUBLIC "-//W3C//DTD XHTML 1.0 Transitional//EN"
    "http://www.w3.org/TR/xhtml1/DTD/xhtml1-transitional.dtd">
<html xmlns="http://www.w3.org/1999/xhtml" xml:lang="en" lang="en">
 <head>
  <title>
</title>
<meta http-equiv="Content-Type" content="text/html;charset=utf-8" />
  <meta name='ocr-system' content='tesseract 3.04.00' />
  <meta name='ocr-capabilities' content='ocr_page ocr_carea ocr_par ocr_line ocrx_word'/>
</head>
<body>
  <div class='ocr_page' id='page_1' title='image "./p2bibliothecahisto02dioduoft_0294.png"; bbox 0 0 1968 3346; ppageno 0'>
   <div class='ocr_carea' id='block_1_1' title="bbox 373 218 1589 268">
    <p class='ocr_par' dir='ltr' id='par_1_1' title="bbox 373 218 1589 268">
     <span class='ocr_line' id='line_1_1' title="bbox 373 218 1589 268; baseline 0.002 -8"><span class='ocrx_word' id='word_1_1' title='bbox 373 256 377 260; x_wconf 82' lang='grc'><strong><em>.</em></strong></span> <span class='ocrx_word' id='word_1_2' title='bbox 424 226 482 268; x_wconf 86' lang='grc'><strong><em>18</em></strong></span> <span class='ocrx_word' id='word_1_3' title='bbox 651 218 951 263; x_wconf 75' lang='grc' dir='ltr'>ΕΧΟΕΒΡΤΑ</span> <span class='ocrx_word' id='word_1_4' title='bbox 979 218 1267 261; x_wconf 85' lang='lat' dir='ltr'><strong>VATICANA</strong></span> <span class='ocrx_word' id='word_1_5' title='bbox 1295 219 1589 263; x_wconf 81' lang='lat' dir='ltr'><strong>L.V11.-X.</strong></span> 
     </span>
    </p>
   </div>
   <div class='ocr_carea' id='block_1_2' title="bbox 429 324 1824 442">
    <p class='ocr_par' dir='ltr' id='par_1_2' title="bbox 429 324 1824 442">
     <span class='ocr_line' id='line_1_2' title="bbox 429 324 1824 392; baseline -0.001 -15"><span class='ocrx_word' id='word_1_6' title='bbox 429 332 506 378; x_wconf 81' lang='grc' dir='ltr'><strong><em>καὶ</em></strong></span> <span class='ocrx_word' id='word_1_7' title='bbox 525 324 712 375; x_wconf 75' lang='grc' dir='ltr'><strong><em>συνέσει.</em></strong></span> <span class='ocrx_word' id='word_1_8' title='bbox 742 328 822 373; x_wconf 84' lang='grc' dir='ltr'><strong><em>τὸν</em></strong></span> <span class='ocrx_word' id='word_1_9' title='bbox 840 330 886 374; x_wconf 79' lang='grc' dir='ltr'><strong><em>δὲ</em></strong></span> <span class='ocrx_word' id='word_1_10' title='bbox 908 332 1238 392; x_wconf 78' lang='grc' dir='ltr'><strong><em>συμβουλεῦσαι</em></strong></span> <span class='ocrx_word' id='word_1_11' title='bbox 1255 332 1413 373; x_wconf 84' lang='grc' dir='ltr'><strong><em>τοῦτον</em></strong></span> <span class='ocrx_word' id='word_1_12' title='bbox 1431 328 1661 374; x_wconf 78' lang='grc' dir='ltr'><strong><em>ἀναθεῖναι</em></strong></span> <span class='ocrx_word' id='word_1_13' title='bbox 1676 330 1824 375; x_wconf 87' lang='grc' dir='ltr'><strong><em>Ἀπόλ-</em></strong></span> 
     </span>
     <span class='ocr_line' id='line_1_3' title="bbox 433 385 1525 442; baseline -0.004 -9"><span class='ocrx_word' id='word_1_14' title='bbox 433 394 562 433; x_wconf 83' lang='grc' dir='ltr'><strong><em>λωνι·</em></strong></span> <span class='ocrx_word' id='word_1_15' title='bbox 602 391 765 431; x_wconf 86' lang='grc' dir='ltr'><strong><em>τοῦτον</em></strong></span> <span class='ocrx_word' id='word_1_16' title='bbox 793 385 877 442; x_wconf 79' lang='grc' dir='ltr'><strong><em>γάρ</em></strong></span> <span class='ocrx_word' id='word_1_17' title='bbox 910 392 1022 429; x_wconf 84' lang='grc' dir='ltr'><strong><em>εἰναι</em></strong></span> <span class='ocrx_word' id='word_1_18' title='bbox 1053 386 1308 442; x_wconf 79' lang='grc' dir='ltr'><strong><em>σοφώτερον</em></strong></span> <span class='ocrx_word' id='word_1_19' title='bbox 1336 386 1525 430; x_wconf 85' lang='grc' dir='ltr'><strong><em>πάντων.</em></strong></span> 
     </span>
    </p>
   </div>
   <div class='ocr_carea' id='block_1_3' title="bbox 389 456 1838 1317">
    <p class='ocr_par' dir='ltr' id='par_1_3' title="bbox 389 456 1838 1313">
     <span class='ocr_line' id='line_1_4' title="bbox 551 456 1824 536; baseline 0.001 -28"><span class='ocrx_word' id='word_1_20' title='bbox 551 468 665 508; x_wconf 82' lang='grc' dir='ltr'><strong><em>ΧΙΧ.</em></strong></span> <span class='ocrx_word' id='word_1_21' title='bbox 706 464 805 508; x_wconf 86' lang='grc' dir='ltr'><strong><em>Ὀτι</em></strong></span> <span class='ocrx_word' id='word_1_22' title='bbox 835 463 860 508; x_wconf 87' lang='grc' dir='ltr'>ὁ</span> <span class='ocrx_word' id='word_1_23' title='bbox 901 464 1036 516; x_wconf 86' lang='grc' dir='ltr'><strong><em>αύτός</em></strong></span> <span class='ocrx_word' id='word_1_24' title='bbox 1064 465 1175 518; x_wconf 80' lang='grc' dir='ltr'><strong><em>πρὸς</em></strong></span> <span class='ocrx_word' id='word_1_25' title='bbox 1203 469 1258 522; x_wconf 83' lang='grc' dir='ltr'><strong><em>τῇ</em></strong></span> <span class='ocrx_word' id='word_1_26' title='bbox 1287 469 1366 509; x_wconf 88' lang='grc' dir='ltr'><strong><em>τοῦ</em></strong></span> <span class='ocrx_word' id='word_1_27' title='bbox 1402 467 1504 535; x_wconf 88' lang='grc' dir='ltr'><strong><em>βίου</em></strong></span> <span class='ocrx_word' id='word_1_28' title='bbox 1538 456 1824 536; x_wconf 78' lang='grc' dir='ltr'><strong><em>καταστροφῇ</em></strong></span> 
     </span>
     <span class='ocr_line' id='line_1_5' title="bbox 440 521 1825 579; baseline -0.002 -10"><span class='ocrx_word' id='word_1_29' title='bbox 440 523 560 578; x_wconf 78' lang='grc' dir='ltr'><strong><em>ὁρῶν</em></strong></span> <span class='ocrx_word' id='word_1_30' title='bbox 589 523 905 576; x_wconf 79' lang='grc' dir='ltr'><strong><em>Πεισίστρατον</em></strong></span> <span class='ocrx_word' id='word_1_31' title='bbox 933 521 1045 576; x_wconf 76' lang='grc' dir='ltr'><strong><em>πρὸς</em></strong></span> <span class='ocrx_word' id='word_1_32' title='bbox 1077 522 1207 577; x_wconf 80' lang='grc' dir='ltr'><strong><em>χάριν</em></strong></span> <span class='ocrx_word' id='word_1_33' title='bbox 1243 522 1389 578; x_wconf 79' lang='grc' dir='ltr'><strong><em>λόγοις</em></strong></span> <span class='ocrx_word' id='word_1_34' title='bbox 1428 523 1481 564; x_wconf 81' lang='grc' dir='ltr'><strong><em>τά</em></strong></span> <span class='ocrx_word' id='word_1_35' title='bbox 1512 521 1659 578; x_wconf 87' lang='grc' dir='ltr'><strong><em>πλήθη</em></strong></span> <span class='ocrx_word' id='word_1_36' title='bbox 1691 527 1825 579; x_wconf 87' lang='grc' dir='ltr'><strong><em>δημα-</em></strong></span> 
     </span>
     <span class='ocr_line' id='line_1_6' title="bbox 411 578 1827 650; baseline -0.001 -26"><span class='ocrx_word' id='word_1_37' title='bbox 411 584 670 648; x_wconf 81' lang='grc' dir='ltr'><strong><em>5γωγούντα</em></strong></span> <span class='ocrx_word' id='word_1_38' title='bbox 701 579 776 622; x_wconf 79' lang='grc' dir='ltr'><strong><em>καὶ</em></strong></span> <span class='ocrx_word' id='word_1_39' title='bbox 799 578 911 650; x_wconf 78' lang='grc' dir='ltr'><strong><em>πρὸς</em></strong></span> <span class='ocrx_word' id='word_1_40' title='bbox 938 581 1180 633; x_wconf 79' lang='grc' dir='ltr'><strong><em>τυραννίδα</em></strong></span> <span class='ocrx_word' id='word_1_41' title='bbox 1206 583 1522 647; x_wconf 77' lang='grc' dir='ltr'><strong><em>παρορμῶντα</em></strong></span> <span class='ocrx_word' id='word_1_42' title='bbox 1526 580 1575 622; x_wconf 85' lang='grc' dir='ltr'><strong><em>τὸ</em></strong></span> <span class='ocrx_word' id='word_1_43' title='bbox 1604 580 1683 633; x_wconf 76' lang='grc' dir='ltr'><strong><em>μὲν</em></strong></span> <span class='ocrx_word' id='word_1_44' title='bbox 1711 583 1827 633; x_wconf 79' lang='grc' dir='ltr'><strong><em>πρῶ-</em></strong></span> 
     </span>
     <span class='ocr_line' id='line_1_7' title="bbox 438 634 1825 705; baseline -0.002 -23"><span class='ocrx_word' id='word_1_45' title='bbox 438 654 518 682; x_wconf 91' lang='grc' dir='ltr'><strong><em>τον</em></strong></span> <span class='ocrx_word' id='word_1_46' title='bbox 548 634 693 690; x_wconf 80' lang='grc' dir='ltr'><strong><em>λόγοις</em></strong></span> <span class='ocrx_word' id='word_1_47' title='bbox 715 635 982 704; x_wconf 80' lang='grc' dir='ltr'><strong><em>ἐπεχείρησεν</em></strong></span> <span class='ocrx_word' id='word_1_48' title='bbox 1006 634 1266 689; x_wconf 78' lang='grc' dir='ltr'><strong><em>ἀποτρέπειν</em></strong></span> <span class='ocrx_word' id='word_1_49' title='bbox 1288 635 1450 691; x_wconf 81' lang='grc' dir='ltr'><strong><em>ταύτης</em></strong></span> <span class='ocrx_word' id='word_1_50' title='bbox 1470 639 1554 705; x_wconf 83' lang='grc' dir='ltr'><strong><em>τῆς</em></strong></span> <span class='ocrx_word' id='word_1_51' title='bbox 1569 636 1825 704; x_wconf 78' lang='grc' dir='ltr'><strong><em>ἐπιβουλῆς’</em></strong></span> 
     </span>
     <span class='ocr_line' id='line_1_8' title="bbox 443 689 1828 761; baseline -0.001 -25"><span class='ocrx_word' id='word_1_52' title='bbox 443 693 498 739; x_wconf 85' lang='grc' dir='ltr'><strong><em>ού</em></strong></span> <span class='ocrx_word' id='word_1_53' title='bbox 529 693 816 747; x_wconf 86' lang='grc' dir='ltr'><strong><em>προςέχοντος</em></strong></span> <span class='ocrx_word' id='word_1_54' title='bbox 845 691 890 734; x_wconf 79' lang='grc' dir='ltr'><strong><em>δὲ</em></strong></span> <span class='ocrx_word' id='word_1_55' title='bbox 922 689 1059 734; x_wconf 82' lang='grc' dir='ltr'><strong><em>αὐτοῦ</em></strong></span> <span class='ocrx_word' id='word_1_56' title='bbox 1082 696 1312 761; x_wconf 81' lang='grc' dir='ltr'><strong><em>προῆλθεν</em></strong></span> <span class='ocrx_word' id='word_1_57' title='bbox 1343 694 1402 742; x_wconf 84' lang='grc' dir='ltr'><strong><em>εἷς</em></strong></span> <span class='ocrx_word' id='word_1_58' title='bbox 1430 691 1510 748; x_wconf 87' lang='grc' dir='ltr'><strong><em>τὴν</em></strong></span> <span class='ocrx_word' id='word_1_59' title='bbox 1530 690 1700 747; x_wconf 79' lang='grc' dir='ltr'><strong><em>άγοραν</em></strong></span> <span class='ocrx_word' id='word_1_60' title='bbox 1723 690 1828 746; x_wconf 75' lang='grc' dir='ltr'><strong><em>μετα</em></strong></span> 
     </span>
     <span class='ocr_line' id='line_1_9' title="bbox 440 747 1830 818; baseline -0.003 -23"><span class='ocrx_word' id='word_1_61' title='bbox 440 756 516 806; x_wconf 88' lang='grc' dir='ltr'><strong><em>τῆς</em></strong></span> <span class='ocrx_word' id='word_1_62' title='bbox 554 750 799 798; x_wconf 81' lang='grc' dir='ltr'><strong><em>πανοπλίας</em></strong></span> <span class='ocrx_word' id='word_1_63' title='bbox 826 752 1046 798; x_wconf 79' lang='grc' dir='ltr'><strong><em>παντελῶς</em></strong></span> <span class='ocrx_word' id='word_1_64' title='bbox 1063 747 1158 817; x_wconf 81' lang='grc' dir='ltr'><strong><em>ἤδη</em></strong></span> <span class='ocrx_word' id='word_1_65' title='bbox 1188 747 1452 818; x_wconf 75' lang='grc' dir='ltr'><strong><em>γεγηρακώς.</em></strong></span> <span class='ocrx_word' id='word_1_66' title='bbox 1499 748 1830 818; x_wconf 84' lang='grc' dir='ltr'><strong><em>συνδραμόντος</em></strong></span> 
     </span>
     <span class='ocr_line' id='line_1_10' title="bbox 445 801 1832 859; baseline -0.002 -8"><span class='ocrx_word' id='word_1_67' title='bbox 445 809 491 852; x_wconf 91' lang='grc' dir='ltr'><strong><em>δε</em></strong></span> <span class='ocrx_word' id='word_1_68' title='bbox 520 810 600 849; x_wconf 86' lang='grc' dir='ltr'><strong><em>τοῦ</em></strong></span> <span class='ocrx_word' id='word_1_69' title='bbox 636 805 836 859; x_wconf 80' lang='grc' dir='ltr'><strong><em>πλήθους</em></strong></span> <span class='ocrx_word' id='word_1_70' title='bbox 866 804 976 857; x_wconf 85' lang='grc' dir='ltr'><strong><em>πρὸς</em></strong></span> <span class='ocrx_word' id='word_1_71' title='bbox 1015 803 1152 847; x_wconf 86' lang='grc' dir='ltr'><strong><em>αύτὸν</em></strong></span> <span class='ocrx_word' id='word_1_72' title='bbox 1183 804 1254 847; x_wconf 78' lang='grc' dir='ltr'><strong><em>διὰ</em></strong></span> <span class='ocrx_word' id='word_1_73' title='bbox 1283 806 1333 847; x_wconf 90' lang='grc' dir='ltr'><strong><em>τὸ</em></strong></span> <span class='ocrx_word' id='word_1_74' title='bbox 1363 803 1615 858; x_wconf 80' lang='grc' dir='ltr'><strong><em>παράδοξον</em></strong></span> <span class='ocrx_word' id='word_1_75' title='bbox 1643 801 1832 858; x_wconf 81' lang='grc' dir='ltr'><strong><em>παρεκά-</em></strong></span> 
     </span>
     <span class='ocr_line' id='line_1_11' title="bbox 389 859 1832 930; baseline -0.004 -21"><span class='ocrx_word' id='word_1_76' title='bbox 389 868 509 909; x_wconf 89' lang='grc' dir='ltr'><strong><em>1Ολει</em></strong></span> <span class='ocrx_word' id='word_1_77' title='bbox 537 861 641 913; x_wconf 80' lang='grc' dir='ltr'><strong><em>τοὺς</em></strong></span> <span class='ocrx_word' id='word_1_78' title='bbox 669 863 847 910; x_wconf 86' lang='grc' dir='ltr'><strong><em>πολίτας</em></strong></span> <span class='ocrx_word' id='word_1_79' title='bbox 877 859 1122 930; x_wconf 86' lang='grc' dir='ltr'><strong><em>άναλαβεῖν</em></strong></span> <span class='ocrx_word' id='word_1_80' title='bbox 1141 877 1194 902; x_wconf 89' lang='grc' dir='ltr'><strong><em>τα</em></strong></span> <span class='ocrx_word' id='word_1_81' title='bbox 1224 860 1337 904; x_wconf 84' lang='grc' dir='ltr'><strong><em>ὅπλα</em></strong></span> <span class='ocrx_word' id='word_1_82' title='bbox 1365 863 1438 904; x_wconf 82' lang='grc' dir='ltr'><strong><em>καὶ</em></strong></span> <span class='ocrx_word' id='word_1_83' title='bbox 1467 866 1729 917; x_wconf 82' lang='grc' dir='ltr'><strong><em>παραχρῆμα</em></strong></span> <span class='ocrx_word' id='word_1_84' title='bbox 1757 878 1832 904; x_wconf 88' lang='grc' dir='ltr'><strong><em>κα-</em></strong></span> 
     </span>
     <span class='ocr_line' id='line_1_12' title="bbox 444 915 1829 976; baseline -0.003 -12"><span class='ocrx_word' id='word_1_85' title='bbox 444 918 620 964; x_wconf 87' lang='grc' dir='ltr'><strong><em>ταλύειν</em></strong></span> <span class='ocrx_word' id='word_1_86' title='bbox 659 917 738 961; x_wconf 84' lang='grc' dir='ltr'><strong><em>τὸν</em></strong></span> <span class='ocrx_word' id='word_1_87' title='bbox 775 915 1018 971; x_wconf 86' lang='grc' dir='ltr'><strong><em>τύραννον·</em></strong></span> <span class='ocrx_word' id='word_1_88' title='bbox 1071 915 1253 968; x_wconf 85' lang='grc' dir='ltr'><strong><em>ούδενός</em></strong></span> <span class='ocrx_word' id='word_1_89' title='bbox 1295 919 1340 960; x_wconf 74' lang='grc' dir='ltr'><strong><em>δὲ</em></strong></span> <span class='ocrx_word' id='word_1_90' title='bbox 1382 916 1499 976; x_wconf 74' lang='grc' dir='ltr'><strong><em>αὐτῷ</em></strong></span> <span class='ocrx_word' id='word_1_91' title='bbox 1530 919 1829 973; x_wconf 86' lang='grc' dir='ltr'><strong><em>προςέχοντος,</em></strong></span> 
     </span>
     <span class='ocr_line' id='line_1_13' title="bbox 445 964 1833 1043; baseline -0.004 -21"><span class='ocrx_word' id='word_1_92' title='bbox 445 977 522 1022; x_wconf 83' lang='grc' dir='ltr'><strong><em>καὶ</em></strong></span> <span class='ocrx_word' id='word_1_93' title='bbox 554 974 731 1019; x_wconf 87' lang='grc' dir='ltr'><strong><em>πάντων</em></strong></span> <span class='ocrx_word' id='word_1_94' title='bbox 771 972 906 1016; x_wconf 84' lang='grc' dir='ltr'><strong><em>αὐτοῦ</em></strong></span> <span class='ocrx_word' id='word_1_95' title='bbox 925 975 1107 1043; x_wconf 86' lang='grc' dir='ltr'><strong><em>μανίαν</em></strong></span> <span class='ocrx_word' id='word_1_96' title='bbox 1139 964 1580 1028; x_wconf 85' lang='grc' dir='ltr'><strong><em>καταγινωσκόντων,</em></strong></span> <span class='ocrx_word' id='word_1_97' title='bbox 1621 979 1756 1017; x_wconf 81' lang='grc' dir='ltr'><strong><em>τινῶν</em></strong></span> <span class='ocrx_word' id='word_1_98' title='bbox 1787 974 1833 1017; x_wconf 80' lang='grc' dir='ltr'><strong><em>δὲ</em></strong></span> 
     </span>
     <span class='ocr_line' id='line_1_14' title="bbox 447 1027 1834 1100; baseline -0.003 -24"><span class='ocrx_word' id='word_1_99' title='bbox 447 1036 710 1100; x_wconf 76' lang='grc' dir='ltr'><strong><em>παραγηρᾶν</em></strong></span> <span class='ocrx_word' id='word_1_100' title='bbox 741 1028 878 1072; x_wconf 79' lang='grc' dir='ltr'><strong><em>αὐτὸν</em></strong></span> <span class='ocrx_word' id='word_1_101' title='bbox 909 1027 1303 1085; x_wconf 76' lang='grc' dir='ltr'><strong><em>ἀποφαινομένων,</em></strong></span> <span class='ocrx_word' id='word_1_102' title='bbox 1347 1030 1370 1074; x_wconf 92' lang='grc' dir='ltr'>ὁ</span> <span class='ocrx_word' id='word_1_103' title='bbox 1410 1031 1489 1086; x_wconf 77' lang='grc' dir='ltr'><strong><em>μὲν</em></strong></span> <span class='ocrx_word' id='word_1_104' title='bbox 1523 1033 1834 1099; x_wconf 80' lang='grc' dir='ltr'><strong><em>Πεισίστρατος</em></strong></span> 
     </span>
     <span class='ocr_line' id='line_1_15' title="bbox 447 1084 1836 1146; baseline -0.002 -13"><span class='ocrx_word' id='word_1_105' title='bbox 447 1090 531 1146; x_wconf 66' lang='grc' dir='ltr'><strong><em>’ἤδη</em></strong></span> <span class='ocrx_word' id='word_1_106' title='bbox 568 1087 690 1138; x_wconf 76' lang='grc' dir='ltr'><strong><em>τινας</em></strong></span> <span class='ocrx_word' id='word_1_107' title='bbox 728 1084 1015 1140; x_wconf 82' lang='grc' dir='ltr'><strong><em>δορυφόρους</em></strong></span> <span class='ocrx_word' id='word_1_108' title='bbox 1051 1087 1364 1142; x_wconf 71' lang='grc' dir='ltr'><strong><em>περιαγόμενος</em></strong></span> <span class='ocrx_word' id='word_1_109' title='bbox 1399 1092 1619 1143; x_wconf 88' lang='grc' dir='ltr'><strong><em>προςῆλθε</em></strong></span> <span class='ocrx_word' id='word_1_110' title='bbox 1659 1093 1720 1145; x_wconf 77' lang='grc' dir='ltr'><strong><em>τῷ</em></strong></span> <span class='ocrx_word' id='word_1_111' title='bbox 1751 1085 1836 1130; x_wconf 88' lang='grc' dir='ltr'><strong><em>Σό-</em></strong></span> 
     </span>
     <span class='ocr_line' id='line_1_16' title="bbox 395 1133 1836 1214; baseline -0.003 -24"><span class='ocrx_word' id='word_1_112' title='bbox 395 1153 557 1194; x_wconf 86' lang='grc' dir='ltr'><strong><em>15λωνι</em></strong></span> <span class='ocrx_word' id='word_1_113' title='bbox 586 1146 658 1188; x_wconf 85' lang='grc' dir='ltr'><strong><em>καὶ</em></strong></span> <span class='ocrx_word' id='word_1_114' title='bbox 689 1143 875 1186; x_wconf 78' lang='grc' dir='ltr'><strong><em>ἐπύθετο</em></strong></span> <span class='ocrx_word' id='word_1_115' title='bbox 906 1145 992 1186; x_wconf 88' lang='grc' dir='ltr'><strong><em>τίνι</em></strong></span> <span class='ocrx_word' id='word_1_116' title='bbox 1020 1144 1207 1198; x_wconf 79' lang='grc' dir='ltr'><strong><em>θαῤῥών</em></strong></span> <span class='ocrx_word' id='word_1_117' title='bbox 1236 1145 1317 1214; x_wconf 80' lang='grc' dir='ltr'><strong><em>τὴν</em></strong></span> <span class='ocrx_word' id='word_1_118' title='bbox 1336 1146 1578 1197; x_wconf 87' lang='grc' dir='ltr'><strong><em>τυραννίδα</em></strong></span> <span class='ocrx_word' id='word_1_119' title='bbox 1603 1133 1807 1187; x_wconf 83' lang='grc' dir='ltr'><strong><em>καταλύει</em></strong></span> <span class='ocrx_word' id='word_1_120' title='bbox 1808 1159 1836 1185; x_wconf 92' lang='grc' dir='ltr'><strong><em>ν</em></strong></span> 
     </span>
     <span class='ocr_line' id='line_1_17' title="bbox 451 1199 1838 1258; baseline -0.003 -11"><span class='ocrx_word' id='word_1_121' title='bbox 451 1202 590 1247; x_wconf 86' lang='grc' dir='ltr'><strong><em>αὐτοῦ</em></strong></span> <span class='ocrx_word' id='word_1_122' title='bbox 623 1199 849 1256; x_wconf 85' lang='grc' dir='ltr'><strong><em>βούλεται,</em></strong></span> <span class='ocrx_word' id='word_1_123' title='bbox 880 1203 960 1242; x_wconf 79' lang='grc' dir='ltr'><strong><em>τοῦ</em></strong></span> <span class='ocrx_word' id='word_1_124' title='bbox 992 1200 1036 1242; x_wconf 79' lang='grc' dir='ltr'><strong><em>δὲ</em></strong></span> <span class='ocrx_word' id='word_1_125' title='bbox 1066 1199 1262 1250; x_wconf 84' lang='grc' dir='ltr'><strong><em>εἰπόντος</em></strong></span> <span class='ocrx_word' id='word_1_126' title='bbox 1291 1200 1359 1243; x_wconf 81' lang='grc' dir='ltr'><strong><em>ὅτι</em></strong></span> <span class='ocrx_word' id='word_1_127' title='bbox 1385 1204 1448 1258; x_wconf 77' lang='grc' dir='ltr'><strong><em>τῷ</em></strong></span> <span class='ocrx_word' id='word_1_128' title='bbox 1472 1199 1587 1258; x_wconf 90' lang='grc' dir='ltr'><strong><em>γήρα</em></strong></span> <span class='ocrx_word' id='word_1_129' title='bbox 1603 1199 1838 1257; x_wconf 81' lang='grc' dir='ltr'><strong><em>θαυμάσας</em></strong></span> 
     </span>
     <span class='ocr_line' id='line_1_18' title="bbox 448 1246 1530 1317; baseline -0.004 -14"><span class='ocrx_word' id='word_1_130' title='bbox 448 1260 527 1317; x_wconf 75' lang='grc' dir='ltr'><strong><em>τὴν</em></strong></span> <span class='ocrx_word' id='word_1_131' title='bbox 557 1257 776 1313; x_wconf 87' lang='grc' dir='ltr'><strong><em>φρόνησιν</em></strong></span> <span class='ocrx_word' id='word_1_132' title='bbox 808 1253 948 1298; x_wconf 82' lang='grc' dir='ltr'><strong><em>αὐτοῦ</em></strong></span> <span class='ocrx_word' id='word_1_133' title='bbox 980 1253 1112 1299; x_wconf 76' lang='grc' dir='ltr'><strong><em>οὐδὲν</em></strong></span> <span class='ocrx_word' id='word_1_134' title='bbox 1144 1254 1284 1299; x_wconf 79' lang='grc' dir='ltr'><strong><em>αὐτὸν</em></strong></span> <span class='ocrx_word' id='word_1_135' title='bbox 1312 1246 1530 1312; x_wconf 88' lang='grc' dir='ltr'><strong><em>η’δίκησεν.</em></strong></span> 
     </span>
    </p>
   </div>
   <div class='ocr_carea' id='block_1_4' title="bbox 451 1321 1821 1441">
    <p class='ocr_par' dir='ltr' id='par_1_4' title="bbox 451 1321 1821 1441">
     <span class='ocr_line' id='line_1_19' title="bbox 552 1321 1821 1381; baseline -0.001 -12.981"><span class='ocrx_word' id='word_1_136' title='bbox 552 1326 652 1368; x_wconf 87' lang='grc' dir='ltr'><strong><em>Ὀτι</em></strong></span> <span class='ocrx_word' id='word_1_137' title='bbox 681 1323 759 1367; x_wconf 82' lang='grc' dir='ltr'><strong><em>τόν</em></strong></span> <span class='ocrx_word' id='word_1_138' title='bbox 788 1321 1064 1378; x_wconf 81' lang='grc' dir='ltr'><strong><em>παρανόμοις</em></strong></span> <span class='ocrx_word' id='word_1_139' title='bbox 1093 1324 1168 1367; x_wconf 84' lang='grc' dir='ltr'><strong><em>καὶ</em></strong></span> <span class='ocrx_word' id='word_1_140' title='bbox 1206 1322 1375 1375; x_wconf 80' lang='grc' dir='ltr'><strong><em>άδίκοις</em></strong></span> <span class='ocrx_word' id='word_1_141' title='bbox 1403 1323 1609 1378; x_wconf 74' lang='grc' dir='ltr'><strong><em>πράξεσιν</em></strong></span> <span class='ocrx_word' id='word_1_142' title='bbox 1639 1321 1821 1381; x_wconf 80' lang='grc' dir='ltr'><strong><em>ἐπιβαλό</em></strong></span> 
     </span>
     <span class='ocr_line' id='line_1_20' title="bbox 451 1379 1590 1441; baseline -0.004 -13"><span class='ocrx_word' id='word_1_143' title='bbox 451 1399 585 1441; x_wconf 89' lang='grc' dir='ltr'><strong><em>μενον</em></strong></span> <span class='ocrx_word' id='word_1_144' title='bbox 616 1380 698 1425; x_wconf 83' lang='grc' dir='ltr'><strong><em>οὐκ</em></strong></span> <span class='ocrx_word' id='word_1_145' title='bbox 728 1380 784 1423; x_wconf 75' lang='grc' dir='ltr'><strong><em>ἂν</em></strong></span> <span class='ocrx_word' id='word_1_146' title='bbox 812 1380 1122 1435; x_wconf 86' lang='grc' dir='ltr'><strong><em>προςηκόντως</em></strong></span> <span class='ocrx_word' id='word_1_147' title='bbox 1151 1379 1296 1435; x_wconf 84' lang='grc' dir='ltr'><strong><em>σοφὸν</em></strong></span> <span class='ocrx_word' id='word_1_148' title='bbox 1324 1383 1590 1435; x_wconf 77' lang='grc' dir='ltr'><strong><em>νομίζεσθαι.</em></strong></span> 
     </span>
    </p>
   </div>
   <div class='ocr_carea' id='block_1_5' title="bbox 397 1445 1843 1846">
    <p class='ocr_par' dir='ltr' id='par_1_5' title="bbox 397 1445 1841 1616">
     <span class='ocr_line' id='line_1_21' title="bbox 397 1445 1840 1520; baseline -0.003 -27"><span class='ocrx_word' id='word_1_149' title='bbox 397 1457 456 1498; x_wconf 80' lang='lat'><strong><em>20</em></strong></span> <span class='ocrx_word' id='word_1_150' title='bbox 557 1449 658 1493; x_wconf 66' lang='grc' dir='ltr'><strong><em>’Ότι</em></strong></span> <span class='ocrx_word' id='word_1_151' title='bbox 673 1447 833 1519; x_wconf 91' lang='grc' dir='ltr'><strong><em>φασὶν</em></strong></span> <span class='ocrx_word' id='word_1_152' title='bbox 857 1445 1118 1502; x_wconf 82' lang='grc' dir='ltr'><strong><em>Ἀνάχαρσιν</em></strong></span> <span class='ocrx_word' id='word_1_153' title='bbox 1156 1447 1234 1491; x_wconf 86' lang='grc' dir='ltr'><strong><em>τὸν</em></strong></span> <span class='ocrx_word' id='word_1_154' title='bbox 1265 1446 1452 1504; x_wconf 86' lang='grc' dir='ltr'><strong><em>Σκύθην</em></strong></span> <span class='ocrx_word' id='word_1_155' title='bbox 1482 1451 1740 1520; x_wconf 82' lang='grc' dir='ltr'><strong><em>φρονοῦντα</em></strong></span> <span class='ocrx_word' id='word_1_156' title='bbox 1769 1446 1840 1490; x_wconf 83' lang='grc' dir='ltr'><strong><em>επὶ</em></strong></span> 
     </span>
     <span class='ocr_line' id='line_1_22' title="bbox 455 1503 1841 1575; baseline -0.004 -24"><span class='ocrx_word' id='word_1_157' title='bbox 455 1507 595 1563; x_wconf 81' lang='grc' dir='ltr'><strong><em>σοφίᾳ</em></strong></span> <span class='ocrx_word' id='word_1_158' title='bbox 632 1505 741 1575; x_wconf 82' lang='grc' dir='ltr'><strong><em>μέγα</em></strong></span> <span class='ocrx_word' id='word_1_159' title='bbox 780 1503 1106 1573; x_wconf 75' lang='grc' dir='ltr'><strong><em>παραγενέσθαι</em></strong></span> <span class='ocrx_word' id='word_1_160' title='bbox 1137 1507 1332 1548; x_wconf 79' lang='grc' dir='ltr'><strong><em>Πυθῶδε</em></strong></span> <span class='ocrx_word' id='word_1_161' title='bbox 1370 1507 1444 1549; x_wconf 84' lang='grc' dir='ltr'><strong><em>καὶ</em></strong></span> <span class='ocrx_word' id='word_1_162' title='bbox 1481 1506 1749 1560; x_wconf 78' lang='grc' dir='ltr'><strong><em>ἐπερωτῆσαι</em></strong></span> <span class='ocrx_word' id='word_1_163' title='bbox 1777 1509 1841 1555; x_wconf 86' lang='grc' dir='ltr'><strong><em>τίς</em></strong></span> 
     </span>
     <span class='ocr_line' id='line_1_23' title="bbox 453 1557 1687 1616; baseline -0.003 -8"><span class='ocrx_word' id='word_1_164' title='bbox 453 1565 572 1608; x_wconf 75' lang='grc' dir='ltr'><strong><em>ἐστιν</em></strong></span> <span class='ocrx_word' id='word_1_165' title='bbox 605 1560 743 1605; x_wconf 80' lang='grc' dir='ltr'><strong><em>αὐτοῦ</em></strong></span> <span class='ocrx_word' id='word_1_166' title='bbox 772 1577 862 1603; x_wconf 84' lang='grc' dir='ltr'><strong><em>των</em></strong></span> <span class='ocrx_word' id='word_1_167' title='bbox 887 1557 1105 1615; x_wconf 82' lang='grc' dir='ltr'><strong><em>Ελλήνων</em></strong></span> <span class='ocrx_word' id='word_1_168' title='bbox 1136 1560 1403 1616; x_wconf 85' lang='grc' dir='ltr'><strong><em>σοφώτερος.</em></strong></span> <span class='ocrx_word' id='word_1_169' title='bbox 1445 1563 1521 1605; x_wconf 84' lang='grc' dir='ltr'><strong><em>καὶ</em></strong></span> <span class='ocrx_word' id='word_1_170' title='bbox 1551 1564 1687 1605; x_wconf 85' lang='grc' dir='ltr'><strong><em>εἰπεῖν</em></strong></span> 
     </span>
    </p>

    <p class='ocr_par' dir='ltr' id='par_1_6' title="bbox 399 1615 1843 1846">
     <span class='ocr_line' id='line_1_24' title="bbox 547 1615 1224 1672; baseline -0.004 -10"><span class='ocrx_word' id='word_1_171' title='bbox 547 1618 725 1662; x_wconf 85' lang='grc' dir='ltr'><strong><em>Οἰταῖόν</em></strong></span> <span class='ocrx_word' id='word_1_172' title='bbox 752 1615 851 1660; x_wconf 90' lang='grc' dir='ltr'><strong><em>τινά</em></strong></span> <span class='ocrx_word' id='word_1_173' title='bbox 882 1628 991 1672; x_wconf 88' lang='grc' dir='ltr'><strong><em>φασι</em></strong></span> <span class='ocrx_word' id='word_1_174' title='bbox 1020 1616 1224 1660; x_wconf 86' lang='grc' dir='ltr'><strong><em>Μύσωνα</em></strong></span> 
     </span>
     <span class='ocr_line' id='line_1_25' title="bbox 542 1672 1728 1747; baseline -0.003 -28"><span class='ocrx_word' id='word_1_175' title='bbox 542 1680 626 1719; x_wconf 85' lang='grc' dir='ltr'><strong><em>σοῦ</em></strong></span> <span class='ocrx_word' id='word_1_176' title='bbox 655 1678 821 1731; x_wconf 85' lang='grc' dir='ltr'><strong><em>μᾶλλον</em></strong></span> <span class='ocrx_word' id='word_1_177' title='bbox 849 1675 1141 1728; x_wconf 89' lang='grc' dir='ltr'><strong><em>πραπίδεσσιν</em></strong></span> <span class='ocrx_word' id='word_1_178' title='bbox 1172 1672 1367 1743; x_wconf 83' lang='grc' dir='ltr'><strong><em>άρηρότα</em></strong></span> <span class='ocrx_word' id='word_1_179' title='bbox 1396 1676 1728 1747; x_wconf 85' lang='grc' dir='ltr'><strong><em>πευκαλίμῃσιν,</em></strong></span> 
     </span>
     <span class='ocr_line' id='line_1_26' title="bbox 399 1726 1843 1790; baseline -0.003 -14"><span class='ocrx_word' id='word_1_180' title='bbox 399 1732 570 1784; x_wconf 81' lang='grc' dir='ltr'><strong><em>25ὅςτις</em></strong></span> <span class='ocrx_word' id='word_1_181' title='bbox 598 1735 653 1788; x_wconf 82' lang='grc' dir='ltr'><strong><em>ἠν</em></strong></span> <span class='ocrx_word' id='word_1_182' title='bbox 682 1729 884 1781; x_wconf 59' lang='lat' dir='ltr'><strong><em>Mazaeus</em></strong></span> <span class='ocrx_word' id='word_1_183' title='bbox 912 1730 987 1774; x_wconf 84' lang='grc' dir='ltr'><strong><em>καὶ</em></strong></span> <span class='ocrx_word' id='word_1_184' title='bbox 1017 1729 1119 1790; x_wconf 78' lang='grc' dir='ltr'><strong><em>ᾤκει</em></strong></span> <span class='ocrx_word' id='word_1_185' title='bbox 1148 1729 1228 1787; x_wconf 78' lang='grc' dir='ltr'><strong><em>τὴν</em></strong></span> <span class='ocrx_word' id='word_1_186' title='bbox 1264 1733 1397 1787; x_wconf 83' lang='grc' dir='ltr'><strong><em>Οἴτην</em></strong></span> <span class='ocrx_word' id='word_1_187' title='bbox 1425 1732 1486 1783; x_wconf 86' lang='grc' dir='ltr'><strong><em>εἰς</em></strong></span> <span class='ocrx_word' id='word_1_188' title='bbox 1515 1731 1666 1789; x_wconf 80' lang='grc' dir='ltr'><strong><em>κώμην</em></strong></span> <span class='ocrx_word' id='word_1_189' title='bbox 1694 1726 1843 1788; x_wconf 85' lang='grc' dir='ltr'><strong><em>Χηνας</em></strong></span> 
     </span>
     <span class='ocr_line' id='line_1_27' title="bbox 455 1789 746 1846; baseline -0.011 -12"><span class='ocrx_word' id='word_1_190' title='bbox 455 1789 746 1846; x_wconf 79' lang='grc' dir='ltr'><strong><em>καλουμένην.</em></strong></span> 
     </span>
    </p>
   </div>
   <div class='ocr_carea' id='block_1_6' title="bbox 600 1944 1479 2084">
    <p class='ocr_par' dir='ltr' id='par_1_7' title="bbox 600 1944 1479 2084">
     <span class='ocr_line' id='line_1_28' title="bbox 600 1944 1479 2001; baseline -0.003 -18"><span class='ocrx_word' id='word_1_191' title='bbox 600 1949 657 1983; x_wconf 86' lang='grc'><strong><em>18.</em></strong></span> <span class='ocrx_word' id='word_1_192' title='bbox 685 1948 737 1982; x_wconf 83' lang='lat'><strong><em>13</em></strong></span> <span class='ocrx_word' id='word_1_193' title='bbox 771 1945 1004 2001; x_wconf 78' lang='grc' dir='ltr'><strong><em>παραγηραν]</em></strong></span> <span class='ocrx_word' id='word_1_194' title='bbox 1032 1944 1133 1989; x_wconf 74' lang='grc' dir='ltr'><strong><em>παρὰ</em></strong></span> <span class='ocrx_word' id='word_1_195' title='bbox 1157 1946 1276 1991; x_wconf 82' lang='grc' dir='ltr'><strong><em>γῆραν</em></strong></span> <span class='ocrx_word' id='word_1_196' title='bbox 1300 1945 1353 1978; x_wconf 77' lang='lat' dir='ltr'><strong>ed.</strong></span> <span class='ocrx_word' id='word_1_197' title='bbox 1377 1947 1479 1980; x_wconf 83' lang='lat' dir='ltr'><strong>Rom.</strong></span> 
     </span>
     <span class='ocr_line' id='line_1_29' title="bbox 603 1989 1328 2047; baseline -0.003 -20"><span class='ocrx_word' id='word_1_198' title='bbox 603 1995 741 2027; x_wconf 81' lang='lat'><strong>18-19.</strong></span> <span class='ocrx_word' id='word_1_199' title='bbox 777 1989 857 2034; x_wconf 83' lang='grc' dir='ltr'><strong><em>ουκ]</em></strong></span> <span class='ocrx_word' id='word_1_200' title='bbox 883 1994 1011 2047; x_wconf 79' lang='lat' dir='ltr'>incipit</span> <span class='ocrx_word' id='word_1_201' title='bbox 1037 1994 1214 2036; x_wconf 84' lang='lat' dir='ltr'>codicisp</span> <span class='ocrx_word' id='word_1_202' title='bbox 1221 1990 1328 2027; x_wconf 78' lang='grc'><strong><em>..347</em></strong></span> 
     </span>
     <span class='ocr_line' id='line_1_30' title="bbox 602 2035 1380 2084; baseline -0.003 -11"><span class='ocrx_word' id='word_1_203' title='bbox 602 2040 657 2074; x_wconf 87' lang='lat'><strong><em>18.</em></strong></span> <span class='ocrx_word' id='word_1_204' title='bbox 683 2037 740 2073; x_wconf 74' lang='lat'><strong>24.</strong></span> <span class='ocrx_word' id='word_1_205' title='bbox 774 2036 952 2084; x_wconf 83' lang='grc' dir='ltr'><strong><em>αρηρότα]</em></strong></span> <span class='ocrx_word' id='word_1_206' title='bbox 981 2035 1170 2084; x_wconf 82' lang='grc' dir='ltr'><strong><em>ἆρχήροτα</em></strong></span> <span class='ocrx_word' id='word_1_207' title='bbox 1196 2039 1251 2072; x_wconf 88' lang='lat' dir='ltr'><strong><em>ed.</em></strong></span> <span class='ocrx_word' id='word_1_208' title='bbox 1277 2041 1380 2072; x_wconf 80' lang='lat' dir='ltr'><strong>Rom.</strong></span> 
     </span>
    </p>
   </div>
   <div class='ocr_carea' id='block_1_7' title="bbox 449 2193 1851 2881">
    <p class='ocr_par' dir='ltr' id='par_1_8' title="bbox 463 2193 1847 2284">
     <span class='ocr_line' id='line_1_31' title="bbox 555 2193 1847 2238; baseline -0.002 -9"><span class='ocrx_word' id='word_1_209' title='bbox 555 2194 612 2229; x_wconf 85' lang='grc'><strong><em>18.</em></strong></span> <span class='ocrx_word' id='word_1_210' title='bbox 636 2195 669 2230; x_wconf 81' lang='grc'><strong><em>3.</em></strong></span> <span class='ocrx_word' id='word_1_211' title='bbox 715 2196 855 2238; x_wconf 77' lang='lat' dir='ltr'>Reapse</span> <span class='ocrx_word' id='word_1_212' title='bbox 877 2194 927 2228; x_wconf 81' lang='lat' dir='ltr'>ait</span> <span class='ocrx_word' id='word_1_213' title='bbox 949 2194 1103 2228; x_wconf 77' lang='lat' dir='ltr'>Phanias</span> <span class='ocrx_word' id='word_1_214' title='bbox 1136 2195 1226 2236; x_wconf 84' lang='lat' dir='ltr'>apud</span> <span class='ocrx_word' id='word_1_215' title='bbox 1250 2194 1479 2227; x_wconf 79' lang='lat' dir='ltr'><strong>Plutarchum</strong></span> <span class='ocrx_word' id='word_1_216' title='bbox 1504 2193 1576 2228; x_wconf 78' lang='lat' dir='ltr'><strong>Sol.</strong></span> <span class='ocrx_word' id='word_1_217' title='bbox 1603 2204 1679 2238; x_wconf 76' lang='lat' dir='ltr'><strong>cap.</strong></span> <span class='ocrx_word' id='word_1_218' title='bbox 1698 2193 1847 2235; x_wconf 83' lang='lat' dir='ltr'>XXXII,</span> 
     </span>
     <span class='ocr_line' id='line_1_32' title="bbox 463 2239 1816 2284; baseline -0.001 -9"><span class='ocrx_word' id='word_1_219' title='bbox 463 2239 578 2276; x_wconf 81' lang='lat' dir='ltr'>minus</span> <span class='ocrx_word' id='word_1_220' title='bbox 603 2242 735 2275; x_wconf 77' lang='lat' dir='ltr'>duobus</span> <span class='ocrx_word' id='word_1_221' title='bbox 758 2242 855 2274; x_wconf 87' lang='lat' dir='ltr'>annis</span> <span class='ocrx_word' id='word_1_222' title='bbox 879 2241 1043 2273; x_wconf 84' lang='lat' dir='ltr'>Solonem</span> <span class='ocrx_word' id='word_1_223' title='bbox 1068 2240 1278 2283; x_wconf 74' lang='lat' dir='ltr'>superfuisse</span> <span class='ocrx_word' id='word_1_224' title='bbox 1302 2240 1476 2273; x_wconf 74' lang='lat' dir='ltr'>Pisistrati</span> <span class='ocrx_word' id='word_1_225' title='bbox 1503 2240 1693 2284; x_wconf 79' lang='lat' dir='ltr'>tyrannidi.</span> <span class='ocrx_word' id='word_1_226' title='bbox 1717 2241 1816 2275; x_wconf 77' lang='lat' dir='ltr'><strong>MAI,</strong></span> 
     </span>
    </p>

    <p class='ocr_par' dir='ltr' id='par_1_9' title="bbox 556 2285 1653 2331">
     <span class='ocr_line' id='line_1_33' title="bbox 556 2285 1653 2331; baseline 0 -11"><span class='ocrx_word' id='word_1_227' title='bbox 556 2286 612 2321; x_wconf 80' lang='grc'><strong><em>18.</em></strong></span> <span class='ocrx_word' id='word_1_228' title='bbox 637 2288 671 2320; x_wconf 84' lang='grc'><strong><em>6.</em></strong></span> <span class='ocrx_word' id='word_1_229' title='bbox 711 2288 806 2331; x_wconf 78' lang='lat' dir='ltr'>Lege</span> <span class='ocrx_word' id='word_1_230' title='bbox 827 2287 1053 2319; x_wconf 86' lang='lat' dir='ltr'>PIutarchum</span> <span class='ocrx_word' id='word_1_231' title='bbox 1079 2286 1114 2318; x_wconf 92' lang='lat' dir='ltr'><strong><em>in</em></strong></span> <span class='ocrx_word' id='word_1_232' title='bbox 1139 2285 1266 2318; x_wconf 83' lang='lat' dir='ltr'>Solone</span> <span class='ocrx_word' id='word_1_233' title='bbox 1289 2296 1365 2328; x_wconf 78' lang='lat' dir='ltr'><strong>cap.</strong></span> <span class='ocrx_word' id='word_1_234' title='bbox 1392 2286 1522 2321; x_wconf 85' lang='lat' dir='ltr'><strong>XXIX.</strong></span> <span class='ocrx_word' id='word_1_235' title='bbox 1557 2286 1653 2320; x_wconf 79' lang='lat' dir='ltr'><strong>MAI.</strong></span> 
     </span>
    </p>

    <p class='ocr_par' dir='ltr' id='par_1_10' title="bbox 556 2331 1488 2374">
     <span class='ocr_line' id='line_1_34' title="bbox 556 2331 1488 2374; baseline -0.002 -7"><span class='ocrx_word' id='word_1_236' title='bbox 556 2333 612 2367; x_wconf 83' lang='grc'><strong><em>18.</em></strong></span> <span class='ocrx_word' id='word_1_237' title='bbox 638 2333 692 2366; x_wconf 71' lang='grc'><strong><em>14.</em></strong></span> <span class='ocrx_word' id='word_1_238' title='bbox 726 2331 857 2365; x_wconf 74' lang='lat' dir='ltr'>videsis</span> <span class='ocrx_word' id='word_1_239' title='bbox 876 2333 966 2365; x_wconf 75' lang='lat' dir='ltr'><strong><em>Plut.</em></strong></span> <span class='ocrx_word' id='word_1_240' title='bbox 992 2331 1028 2364; x_wconf 88' lang='lat' dir='ltr'><strong><em>in</em></strong></span> <span class='ocrx_word' id='word_1_241' title='bbox 1053 2331 1125 2366; x_wconf 78' lang='lat' dir='ltr'><strong>Sol.</strong></span> <span class='ocrx_word' id='word_1_242' title='bbox 1150 2341 1223 2374; x_wconf 83' lang='lat' dir='ltr'><strong>cap.</strong></span> <span class='ocrx_word' id='word_1_243' title='bbox 1244 2332 1356 2364; x_wconf 81' lang='lat' dir='ltr'><strong>XXX.</strong></span> <span class='ocrx_word' id='word_1_244' title='bbox 1390 2332 1488 2365; x_wconf 78' lang='lat' dir='ltr'><strong>MAI.</strong></span> 
     </span>
    </p>

    <p class='ocr_par' dir='ltr' id='par_1_11' title="bbox 464 2376 1849 2559">
     <span class='ocr_line' id='line_1_35' title="bbox 558 2376 1849 2422; baseline -0.001 -10"><span class='ocrx_word' id='word_1_245' title='bbox 558 2379 614 2412; x_wconf 80' lang='lat' dir='ltr'><strong>IS.</strong></span> <span class='ocrx_word' id='word_1_246' title='bbox 640 2379 695 2412; x_wconf 79' lang='lat'><strong>17.</strong></span> <span class='ocrx_word' id='word_1_247' title='bbox 729 2379 867 2422; x_wconf 78' lang='lat' dir='ltr'>Quippe</span> <span class='ocrx_word' id='word_1_248' title='bbox 885 2377 1084 2411; x_wconf 72' lang='lat' dir='ltr'>Pisistratus</span> <span class='ocrx_word' id='word_1_249' title='bbox 1107 2376 1244 2421; x_wconf 77' lang='lat' dir='ltr'>generis</span> <span class='ocrx_word' id='word_1_250' title='bbox 1269 2377 1446 2410; x_wconf 75' lang='lat' dir='ltr'>adfinitate</span> <span class='ocrx_word' id='word_1_251' title='bbox 1471 2378 1668 2422; x_wconf 81' lang='lat' dir='ltr'>attingebat</span> <span class='ocrx_word' id='word_1_252' title='bbox 1685 2378 1849 2412; x_wconf 84' lang='lat' dir='ltr'><strong>SoIonem</strong></span> 
     </span>
     <span class='ocr_line' id='line_1_36' title="bbox 464 2423 1848 2466; baseline 0.001 -8"><span class='ocrx_word' id='word_1_253' title='bbox 464 2428 551 2459; x_wconf 78' lang='lat' dir='ltr'>teste</span> <span class='ocrx_word' id='word_1_254' title='bbox 574 2425 785 2464; x_wconf 77' lang='lat' dir='ltr'>Plutarc1103</span> <span class='ocrx_word' id='word_1_255' title='bbox 810 2436 915 2466; x_wconf 77' lang='lat' dir='ltr'>quam</span> <span class='ocrx_word' id='word_1_256' title='bbox 939 2424 983 2455; x_wconf 81' lang='lat' dir='ltr'><strong><em>ob</em></strong></span> <span class='ocrx_word' id='word_1_257' title='bbox 1008 2434 1101 2463; x_wconf 79' lang='lat' dir='ltr'>rem,</span> <span class='ocrx_word' id='word_1_258' title='bbox 1125 2435 1188 2456; x_wconf 82' lang='lat' dir='ltr'><strong><em>nec</em></strong></span> <span class='ocrx_word' id='word_1_259' title='bbox 1213 2434 1281 2456; x_wconf 89' lang='lat' dir='ltr'><strong><em>non</em></strong></span> <span class='ocrx_word' id='word_1_260' title='bbox 1306 2424 1350 2455; x_wconf 85' lang='lat' dir='ltr'><strong><em>nb</em></strong></span> <span class='ocrx_word' id='word_1_261' title='bbox 1376 2423 1548 2457; x_wconf 80' lang='lat' dir='ltr'>Pisistrati</span> <span class='ocrx_word' id='word_1_262' title='bbox 1572 2424 1792 2458; x_wconf 80' lang='lat' dir='ltr'>clementiam</span> <span class='ocrx_word' id='word_1_263' title='bbox 1814 2428 1848 2459; x_wconf 84' lang='lat' dir='ltr'><strong><em>et</em></strong></span> 
     </span>
     <span class='ocr_line' id='line_1_37' title="bbox 465 2469 1849 2514; baseline 0.001 -10"><span class='ocrx_word' id='word_1_264' title='bbox 465 2470 606 2504; x_wconf 87' lang='lat' dir='ltr'>Solonis</span> <span class='ocrx_word' id='word_1_265' title='bbox 629 2471 908 2514; x_wconf 74' lang='lat' dir='ltr'>philosophiam,</span> <span class='ocrx_word' id='word_1_266' title='bbox 933 2469 1103 2501; x_wconf 75' lang='lat' dir='ltr'>dissensus</span> <span class='ocrx_word' id='word_1_267' title='bbox 1127 2480 1247 2501; x_wconf 84' lang='lat' dir='ltr'>eorum</span> <span class='ocrx_word' id='word_1_268' title='bbox 1272 2469 1432 2511; x_wconf 83' lang='lat' dir='ltr'>politicus</span> <span class='ocrx_word' id='word_1_269' title='bbox 1456 2471 1500 2503; x_wconf 83' lang='lat' dir='ltr'><strong><em>ad</em></strong></span> <span class='ocrx_word' id='word_1_270' title='bbox 1523 2471 1655 2504; x_wconf 83' lang='lat' dir='ltr'>nullam</span> <span class='ocrx_word' id='word_1_271' title='bbox 1679 2470 1849 2505; x_wconf 70' lang='lat' dir='ltr'>atrocim-</span> 
     </span>
     <span class='ocr_line' id='line_1_38' title="bbox 465 2515 1432 2559; baseline -0.002 -8"><span class='ocrx_word' id='word_1_272' title='bbox 465 2521 537 2551; x_wconf 80' lang='lat' dir='ltr'><strong><em>tem</em></strong></span> <span class='ocrx_word' id='word_1_273' title='bbox 561 2517 695 2559; x_wconf 83' lang='lat' dir='ltr'>erupit,</span> <span class='ocrx_word' id='word_1_274' title='bbox 719 2520 757 2548; x_wconf 88' lang='lat' dir='ltr'><strong><em>ut</em></strong></span> <span class='ocrx_word' id='word_1_275' title='bbox 780 2516 872 2550; x_wconf 87' lang='lat' dir='ltr'>idem</span> <span class='ocrx_word' id='word_1_276' title='bbox 896 2516 1057 2548; x_wconf 83' lang='lat' dir='ltr'>observat</span> <span class='ocrx_word' id='word_1_277' title='bbox 1080 2515 1300 2548; x_wconf 79' lang='lat' dir='ltr'>Plutarchus.</span> <span class='ocrx_word' id='word_1_278' title='bbox 1335 2516 1432 2550; x_wconf 78' lang='lat' dir='ltr'><strong>MAI.</strong></span> 
     </span>
    </p>

    <p class='ocr_par' dir='ltr' id='par_1_12' title="bbox 463 2560 1846 2642">
     <span class='ocr_line' id='line_1_39' title="bbox 558 2560 1846 2606; baseline 0.001 -11"><span class='ocrx_word' id='word_1_279' title='bbox 558 2563 613 2596; x_wconf 87' lang='grc'><strong><em>18</em></strong></span> <span class='ocrx_word' id='word_1_280' title='bbox 638 2562 695 2596; x_wconf 82' lang='grc'><strong><em>23.</em></strong></span> <span class='ocrx_word' id='word_1_281' title='bbox 729 2562 843 2596; x_wconf 82' lang='lat' dir='ltr'>Multo</span> <span class='ocrx_word' id='word_1_282' title='bbox 867 2561 993 2595; x_wconf 81' lang='lat' dir='ltr'>rectius</span> <span class='ocrx_word' id='word_1_283' title='bbox 1017 2572 1053 2594; x_wconf 79' lang='lat' dir='ltr'>se</span> <span class='ocrx_word' id='word_1_284' title='bbox 1076 2561 1205 2594; x_wconf 87' lang='lat' dir='ltr'>habent</span> <span class='ocrx_word' id='word_1_285' title='bbox 1236 2560 1276 2593; x_wconf 91' lang='lat' dir='ltr'><strong><em>hi</em></strong></span> <span class='ocrx_word' id='word_1_286' title='bbox 1306 2561 1471 2595; x_wconf 81' lang='lat' dir='ltr'>versiculi</span> <span class='ocrx_word' id='word_1_287' title='bbox 1502 2561 1594 2606; x_wconf 84' lang='lat' dir='ltr'>apud</span> <span class='ocrx_word' id='word_1_288' title='bbox 1617 2561 1795 2596; x_wconf 58' lang='lat' dir='ltr'>Lafirtium</span> <span class='ocrx_word' id='word_1_289' title='bbox 1817 2562 1846 2596; x_wconf 83' lang='lat'><strong>1.</strong></span> 
     </span>
     <span class='ocr_line' id='line_1_40' title="bbox 463 2607 682 2642; baseline 0 0"><span class='ocrx_word' id='word_1_290' title='bbox 463 2607 520 2642; x_wconf 80' lang='lat'><strong>30.</strong></span> <span class='ocrx_word' id='word_1_291' title='bbox 545 2612 579 2642; x_wconf 80' lang='lat' dir='ltr'><strong><em>et</em></strong></span> <span class='ocrx_word' id='word_1_292' title='bbox 602 2608 682 2642; x_wconf 84' lang='lat'><strong>106.</strong></span> 
     </span>
    </p>

    <p class='ocr_par' dir='ltr' id='par_1_13' title="bbox 449 2647 1851 2881">
     <span class='ocr_line' id='line_1_41' title="bbox 656 2647 1608 2696; baseline -0.001 -8"><span class='ocrx_word' id='word_1_293' title='bbox 656 2651 812 2689; x_wconf 77' lang='grc' dir='ltr'><strong><em>Οἰταῖόν</em></strong></span> <span class='ocrx_word' id='word_1_294' title='bbox 835 2665 918 2687; x_wconf 82' lang='grc' dir='ltr'><strong><em>τινα</em></strong></span> <span class='ocrx_word' id='word_1_295' title='bbox 943 2651 1037 2696; x_wconf 85' lang='grc' dir='ltr'><strong><em>φημὶ</em></strong></span> <span class='ocrx_word' id='word_1_296' title='bbox 1063 2647 1226 2685; x_wconf 87' lang='grc' dir='ltr'><strong><em>Μύσων’</em></strong></span> <span class='ocrx_word' id='word_1_297' title='bbox 1250 2650 1289 2685; x_wconf 82' lang='grc' dir='ltr'><strong><em>ἓν</em></strong></span> <span class='ocrx_word' id='word_1_298' title='bbox 1312 2652 1407 2696; x_wconf 80' lang='grc' dir='ltr'><strong><em>Χηνι</em></strong></span> <span class='ocrx_word' id='word_1_299' title='bbox 1430 2652 1608 2696; x_wconf 70' lang='grc' dir='ltr'><strong><em>γενέσθαι</em></strong></span> 
     </span>
     <span class='ocr_line' id='line_1_42' title="bbox 465 2694 1611 2779; baseline 0 -45"><span class='ocrx_word' id='word_1_300' title='bbox 465 2744 564 2779; x_wconf 70' lang='lat' dir='ltr'><strong><em>MAI</em></strong></span> <span class='ocrx_word' id='word_1_301' title='bbox 651 2702 720 2735; x_wconf 85' lang='grc' dir='ltr'><strong><em>σοῦ</em></strong></span> <span class='ocrx_word' id='word_1_302' title='bbox 743 2702 880 2745; x_wconf 86' lang='grc' dir='ltr'><strong><em>μαλλον</em></strong></span> <span class='ocrx_word' id='word_1_303' title='bbox 902 2699 1144 2742; x_wconf 80' lang='grc' dir='ltr'><strong><em>πραπιδεσσιν</em></strong></span> <span class='ocrx_word' id='word_1_304' title='bbox 1171 2694 1336 2743; x_wconf 69' lang='grc' dir='ltr'><strong><em>ἀρηρότα</em></strong></span> <span class='ocrx_word' id='word_1_305' title='bbox 1359 2702 1611 2745; x_wconf 80' lang='grc' dir='ltr'><strong><em>πευκαλίμῃσι.</em></strong></span> 
     </span>
     <span class='ocr_line' id='line_1_43' title="bbox 449 2789 1851 2836; baseline 0.002 -13"><span class='ocrx_word' id='word_1_306' title='bbox 449 2808 452 2813; x_wconf 95' lang='grc'>-</span> <span class='ocrx_word' id='word_1_307' title='bbox 526 2790 614 2825; x_wconf 86' lang='lat'><strong>18.</strong></span> <span class='ocrx_word' id='word_1_308' title='bbox 639 2791 697 2826; x_wconf 88' lang='grc'><strong><em>26.</em></strong></span> <span class='ocrx_word' id='word_1_309' title='bbox 731 2793 818 2825; x_wconf 86' lang='lat' dir='ltr'><strong><em>Cum</em></strong></span> <span class='ocrx_word' id='word_1_310' title='bbox 841 2791 898 2825; x_wconf 85' lang='lat' dir='ltr'><strong><em>his</em></strong></span> <span class='ocrx_word' id='word_1_311' title='bbox 930 2790 1125 2836; x_wconf 80' lang='lat' dir='ltr'>copulanda</span> <span class='ocrx_word' id='word_1_312' title='bbox 1148 2793 1227 2824; x_wconf 80' lang='lat' dir='ltr'>sunt</span> <span class='ocrx_word' id='word_1_313' title='bbox 1258 2800 1348 2832; x_wconf 81' lang='lat' dir='ltr'>quae</span> <span class='ocrx_word' id='word_1_314' title='bbox 1370 2791 1573 2835; x_wconf 82' lang='lat' dir='ltr'>leguntur⁰</span> <span class='ocrx_word' id='word_1_315' title='bbox 1561 2803 1598 2826; x_wconf 86' lang='lat' dir='ltr'><strong>m</strong></span> <span class='ocrx_word' id='word_1_316' title='bbox 1620 2789 1768 2826; x_wconf 84' lang='lat' dir='ltr'>Diodori</span> <span class='ocrx_word' id='word_1_317' title='bbox 1790 2801 1851 2835; x_wconf 75' lang='lat' dir='ltr'><strong><em>ex-</em></strong></span> 
     </span>
     <span class='ocr_line' id='line_1_44' title="bbox 464 2817 1444 2881; baseline 0.001 -11"><span class='ocrx_word' id='word_1_318' title='bbox 464 2837 594 2881; x_wconf 81' lang='lat' dir='ltr'>cerptis</span> <span class='ocrx_word' id='word_1_319' title='bbox 616 2838 717 2873; x_wconf 82' lang='lat' dir='ltr'>editis</span> <span class='ocrx_word' id='word_1_320' title='bbox 740 2838 888 2874; x_wconf 64' lang='lat' dir='ltr'>IVessel.</span> <span class='ocrx_word' id='word_1_321' title='bbox 913 2834 1313 2880; x_wconf 78' lang='lat' dir='ltr'><strong>T.11.p.551—552.</strong></span> <span class='ocrx_word' id='word_1_322' title='bbox 1345 2817 1444 2872; x_wconf 86' lang='lat' dir='ltr'><strong>MAI.</strong></span> 
     </span>
    </p>
   </div>
  </div>
 </body>
</html>
