1968 3346
407 196 707 240 EXCERPTA
734 196 1163 240 HOESCHELIANA
1190 199 1239 240 L.
1266 197 1421 270 XXIII.
1550 201 1610 243 23

219 308 379 352 ὕπατοι
430 306 637 365 φρουράν
688 309 737 354 ἐν
782 307 1009 367 Πανόρμῳ
1058 307 1258 361 λιπόντες
1311 307 1514 366 ἀπῆλθον
1556 307 1608 354 ἐν

219 363 376 408 Μεσσ’
378 381 421 407 vv

329 381 551 464 1662633'
533 419 840 489 ἐπιγενομένου
882 419 1007 471 ἔτους
1034 417 1294 470 πλεύσαντες
1330 421 1374 464 οἱ
1393 418 1602 491 Ῥωμαῖοι

217 475 424 531 δεύτερον
460 478 519 528 εἰς
540 475 737 545 Λιβύην,
783 476 857 520 καὶ
885 480 975 519 τῶν
1004 477 1322 534 Καρχηδονίων
1350 475 1408 533 μὴ
1438 476 1602 521 ἐασάν-
1633 479 1689 524 15

217 551 307 577 των
337 532 499 583 αὐτούς
527 530 742 601 ὁρμῆσαι,
767 531 1121 604 ὑποστρέφοντες
1149 535 1295 587 ἦλθον
1324 535 1383 584 εις
1414 534 1604 588 Πάνορ-

100 618 102 623 .
218 607 314 645 μον.
357 591 524 633 ἐκεῖθεν
564 588 806 643 ἀπάραντες
845 589 892 632 ἐν
916 588 1058 646 Ῥώμῃ
1090 589 1296 642 δεύτερον
1325 589 1604 647 ἐναυάγησαν

98 646 103 704 Ῐ
146 651 425 717 506χειμῶνος
454 644 616 696 αὐτούς
643 643 989 715 καταλαβόντος,
1020 646 1094 689 καὶ
1125 644 1356 689 ἀπώλεσαν
1383 650 1494 697 ναῦς
1522 664 1604 702 μα-

216 703 325 758 κράς
353 700 508 746 ἑκατὸν
536 701 808 757 πεντήκοντα
839 703 913 746 καὶ
941 702 1022 757 τὴν
1051 702 1186 758 ἀλλην
1215 701 1390 745 ἅπασαν
1416 707 1507 746 τῶν
1536 705 1602 747 ἷπ-
1629 708 1687 750 20

214 763 432 814 παγωγῶν
467 759 543 801 καὶ
556 732 809 830 λαφύρων.
849 762 931 802 τοῦ
970 759 1016 803 δὲ
1048 762 1234 814 Θερμῶν
1262 763 1473 813 πυλωροῦ
1488 760 1603 830 περὶ,

210 815 264 859 τὰ
296 817 371 867 ἔξω
409 814 650 870 γενομένου
682 817 741 866 εἰς
772 814 1012 886 ἀναγκαίας
1040 818 1206 887 χρείας,
1245 815 1334 859 ὑπὸ
1372 820 1454 859 τοῦ
1488 814 1604 859 Ρω-

211 874 354 942 μαίων
401 875 611 943 στρατοῦ
639 872 921 942 συνελήφθη·
961 873 1033 916 καὶ
1081 872 1338 928 ἐπρέσβευσε
1374 871 1486 942 πρὸς
1521 871 1603 916 τόν

211 927 424 1002 α’ρχοντα,
461 927 528 971 ὅτι
569 927 645 972 ἐὰν
683 927 883 998 ἀπολύσῃ
928 927 1089 980 αὐτόν,
1130 929 1319 980 ἀνοίξειν
1360 927 1481 984 αὐτῷ
1519 927 1602 985 τὴν

207 987 353 1056 πύλην
373 990 450 1041 τῆς
471 984 637 1036 πόλεως
665 985 839 1036 νυκτός.
868 990 952 1029 τοῦ
982 986 1027 1029 δὲ
1056 985 1369 1037 ἀπολύσαντος,
1398 986 1473 1029 καὶ
1498 996 1600 1029 συν·
1628 983 1686 1027 25

208 1043 400 1096 θεμένου
429 1041 603 1096 καιρόν,
634 1040 881 1086 ἀπέστειλεν
901 1041 924 1086 ὁ
955 1042 1100 1112 ἄρχων
1129 1044 1293 1098 χιλίους
1321 1042 1496 1093 νυκτός.
1524 1042 1600 1086 καὶ

208 1101 481 1169 φθάσαντες,
521 1097 544 1142 ὁ
586 1099 664 1154 μὲν
699 1099 811 1143 κατὰ
849 1098 930 1155 τὴν
970 1099 1217 1157 ὡρισμένην
1253 1099 1400 1155 ἤνοιξε
1428 1097 1598 1171 πύλην·

205 1155 288 1211 τήν
316 1155 362 1199 δὲ
392 1157 436 1199 οἷ
462 1154 698 1210 πρώτιστοι
726 1157 800 1199 καὶ
840 1156 1068 1210 ἐπιφανεῖς
1108 1158 1332 1213 εἰςῆλθον,
1369 1155 1444 1200 καὶ
1472 1154 1599 1199 εἶπον

204 1216 268 1268 τῷ
306 1216 510 1280 πυλωρῷ
541 1217 705 1256 κλεῖσαι
743 1214 817 1257 καὶ
857 1213 1023 1270 μηδένα
1054 1212 1187 1256 ἄλλον
1226 1214 1349 1257 ἐᾶσαι
1377 1214 1597 1270 είςελθεῖν,
1626 1212 1684 1254 30

205 1270 410 1320 θέλοντες
453 1266 599 1324 μόνως
630 1269 709 1312 τὸν
747 1274 944 1313 πλοῦτον
980 1275 1057 1326 τῆς
1102 1269 1268 1321 πόλεως
1310 1272 1429 1324 ἀραι.
1474 1271 1601 1314 οὑτοι

203 1325 363 1377 πάντες
391 1325 709 1383 κατεκόπησαν,
741 1324 865 1379 ἄξιον
885 1331 962 1384 τῆς
989 1328 1240 1381 πλεονεξίας
1264 1326 1465 1371 θάνατον
1491 1324 1602 1371 ’ὑπο-

206 1385 441 1438 μείναντες.

318 1440 366 1483 ἐν
401 1439 518 1497 ἄλλῳ
558 1439 606 1483 δε
649 1443 790 1509 καιρῷ
827 1439 904 1491 τὰς
947 1440 1118 1495 Θέρμας
1156 1440 1231 1483 καὶ
1267 1438 1349 1497 τήν
1392 1441 1601 1494 Λίπαραν

199 1496 404 1552 Ρωμαῖοι
431 1486 685 1566 παρέλαβον
721 1497 867 1553 ἄμφω.
896 1497 1302 1568 πολιορκήσαντες
1315 1498 1362 1541 δὲ
1391 1496 1599 1554 Ῥωμαῖοι
1626 1496 1685 1542 35

201 1555 275 1598 καὶ
301 1552 484 1624 Ἐρκτὴν
512 1553 736 1608 φρούριον
773 1553 956 1610 μυριάσι
994 1554 1200 1611 τέσσαρσι
1234 1554 1307 1598 καὶ
1334 1555 1490 1611 χιλίοις
1519 1555 1600 1598 ἱπ-

201 1615 358 1654 πεῦσιν
390 1608 472 1653 ούκ
498 1612 697 1679 ἴσχυσαν.

313 1665 579 1736 Ἀσδρούβας
610 1664 697 1709 δὲ“
675 1683 698 1709 ο
726 1665 967 1722 στρατηγός
994 1669 1084 1710 τῶν
1086 1667 1428 1738 Καρχηδονίων
1456 1667 1603 1736 βλασ-

201 1722 487 1791 φημούμενος
525 1722 612 1766 ὑπὸ
652 1726 742 1765 τῶν
784 1725 909 1766 ἰδίων
939 1723 1012 1767 διὰ
1049 1724 1099 1766 τὸ
1129 1741 1187 1780 μη
1220 1728 1449 1778 πολεμεῖν,
1489 1722 1602 1766 ἀνα-

203 1782 353 1834 ζεύξας
379 1779 484 1837 μετά
513 1779 655 1834 πάσης
685 1780 912 1833 δυνάμεως
953 1779 1026 1823 διὰ
1055 1797 1131 1836 της
1160 1781 1474 1830 Σελινουντίας
1503 1781 1601 1829 δυς-

199 1839 361 1892 χωρίας
387 1839 530 1904 ἦλθεν
554 1837 614 1886 εἷς
643 1835 693 1878 τὸ
725 1836 986 1908 Πάνορμον.
1017 1837 1091 1879 καὶ
1121 1837 1384 1907 διαβιβάσας
1412 1836 1493 1880 τὸν
1520 1851 1595 1879 πο·
1624 1837 1682 1883 40

199 1893 340 1948 ταμὸν
367 1894 447 1936 τὸν
477 1892 690 1962 σύνεγγυς
719 1893 817 1948 περὶ
843 1894 897 1936 τὰ
925 1894 1039 1948 τείχη
1069 1893 1459 1963 ἐστρατοπέδευσε,
1490 1891 1597 1960 μήτε

198 1949 441 2021 χαράκωμα
469 1948 574 2006 μήτε
605 1948 781 2005 τάφρον
815 1949 946 2001 τάξας
976 1949 1051 1993 διά
1079 1949 1128 1993 τὸ
1158 1955 1470 2006 καταφρονεῖν.
1500 1947 1596 1992 πά·-

197 2011 270 2050 λιν
299 2007 345 2050 δὲ
374 2007 447 2051 καὶ
475 2011 565 2049 τῶν
595 2006 800 2061 ἐμπόρων
828 2006 970 2050 πολύν
1006 2004 1133 2050 οἶνον
1162 2007 1401 2078 ἐπιφερομε
1384 2007 1519 2057 έ,νων
1551 2006 1595 2049 οἱ

165 2072 167 2074 ’
197 2063 359 2107 Κέλται
402 2063 695 2133 μεθυσθέντες
740 2064 816 2106 καὶ
849 2068 1043 2120 κραυγῆς
1079 2064 1152 2107 καὶ
1183 2062 1357 2116 ἀταξίας
1385 2062 1593 2132 πληρού-
1622 2064 1681 2110 45

197 2137 345 2177 μενοι,
376 2119 657 2171 ἐπιπεσόντος
686 2122 921 2164 Καικιλίου
961 2123 1044 2163 τοῦ
1072 2119 1245 2164 ὑπάτου
1276 2119 1450 2171 αὐτοῖς,
1480 2136 1593 2163 κατα

196 2178 360 2232 κράτος
400 2175 564 2226 αύτούς
599 2176 816 2248 νικήσας
857 2177 934 2220 καὶ
972 2181 1062 2220 τῶν
1098 2176 1348 2249 ἐλεφάντων
1384 2175 1596 2249 ἑξήκοντα

197 2233 431 2291 κρατήσας,
453 2235 512 2285 εἰς
527 2232 698 2291 Ρώμην
721 2233 950 2277 ἀπέστειλε.
969 2251 1043 2278 και
1058 2238 1214 2291 θαυμα
1227 2233 1435 2292 Ρωμαῖοι
1450 2234 1593 2291 ἔσχον.

335 2337 394 2372 13.
417 2335 548 2381 Μεσσή
551 2351 572 2371 ν
574 2336 611 2382 η]
638 2336 798 2393 Μεσὴνῃ
815 2337 854 2371 H

267 2383 348 2418 506.
367 2383 423 2418 20.
444 2375 704 2427 ἑκατόνπ.]ρν’
716 2385 753 2418 H
771 2381 937 2426 ἅπασαν]
955 2381 1196 2428 παρασκευήν
1207 2381 1303 2418 addit
1314 2382 1452 2418 Rhod..
1471 2381 1592 2418 deesse

196 2431 303 2465 estam
323 2429 413 2474 μετὰ
435 2435 515 2463 ante
530 2432 605 2465 τῶν
620 2430 760 2464 videtur
884 2431 1048 2486 ’.χρείας
1066 2431 1196 2471 Rhod.,
1220 2433 1278 2474 χεῖ
1278 2444 1344 2474 ρας
1367 2431 1405 2465 H
1461 2429 1518 2464 26.
1534 2443 1592 2473 χι-

195 2477 310 2520 λίους]
331 2489 367 2521 α
381 2476 418 2509 Η
474 2476 532 2510 29.
558 2474 669 2512 ἄλλον
690 2475 797 2511 ἐᾶσαι
808 2452 940 2517 Rhod.,
961 2473 1110 2521 ἄγγελον
1131 2476 1239 2512 ἐᾶσαι
1253 2477 1315 2512 καὶ
1325 2477 1364 2510 Η
1455 2475 1514 2510 33
1524 2477 1592 2510 Λί-

195 2523 335 2566 παραν]
356 2509 530 2565 Λιπάραν
547 2524 601 2558 ed.
627 2523 1113 2568 Rhod..con1².Schweigh.
1138 2524 1183 2557 ad
1200 2524 1290 2567 Poly
1293 2523 1391 2557 bium
1410 2521 1511 2556 139.
1529 2522 1588 2556 13.

241 2569 298 2607 35.
309 2566 462 2622 μυριάσι
473 2569 590 2603 Rhod.
582 2593 604 2612 .‚
619 2569 679 2614 qui
695 2570 813 2612 πεζῶν
826 2570 1072 2622 praeponebat,
1092 2536 1290 2627 μυριάςΗ)7
1343 2569 1403 2604 36.
1417 2565 1588 2610 Ἀσδρού-

194 2615 289 2697 βας]
311 2613 527 2671 Ανδρούβας
548 2616 587 2650 Η
700 2616 760 2651 45.
783 2613 1022 2658 ἐπιπεσόντος
1045 2616 1163 2652 Rhod.
1155 2641 1177 2660 .,
1200 2614 1458 2658 ὑποπεσόντας
1479 2614 1517 2650 Η

219 2659 467 2708 7ε.ξήκοντα]
491 2658 583 2706 ξΠ
