1968 3346
829 783 1271 830 BIBAION
1341 779 1496 832 KB'.

406 1027 426 1065 1

374 1083 430 1125 65
565 1046 661 1091 ’Ότι
700 1049 887 1105 πάτριόν
927 1051 1017 1096 ἐστι
1055 1058 1146 1105 τοῖς
1183 1051 1466 1108 Ἠπειρώταις
1504 1053 1562 1122 μῂ
1601 1053 1745 1109 μόνον
1781 1054 1851 1099 ἐπὶ

460 1106 536 1160 τῆς
566 1106 681 1158 ἰδίας
709 1110 918 1163 πατρίδος
947 1108 1247 1180 ἀγωνίζεσθαι,
1279 1109 1387 1155 ἀλλὰ
1418 1112 1492 1154 καὶ
1515 1109 1628 1167 ὑπὲρ
1662 1115 1751 1155 τῶν
1780 1114 1850 1168 φί-

460 1164 549 1204 λων
579 1163 651 1206 καὶ
683 1164 921 1222 συμμάχων
953 1166 1243 1212 κινδυνεύειν

402 1228 431 1269 2
560 1241 658 1286 “On
691 1243 852 1295 Δέκιος
894 1245 919 1289 6
945 1247 1156 1317 Ῥωμαῖος
1195 1248 1415 1318 χιλίαρχος
1445 1246 1590 1302 φύλαξ
1614 1247 1851 1318 γενόμενος

373 1287 428 1327 70
452 1295 629 1354 Ῥηγίου
651 1300 725 1343 δια
749 1301 939 1374 Πύῤῥον
959 1303 1039 1347 τὸν
1060 1304 1241 1360 βασιλέα
1271 1304 1539 1373 κατέσφαξεν
1571 1303 1746 1355 αὐτούς,
1775 1305 1850 1348 καὶ

456 1371 534 1406 τας
563 1355 741 1416 κτήσεις
774 1359 850 1402 καὶ
888 1359 966 1412 τοὶς
994 1366 1207 1416 γυναῖκας
1236 1359 1552 1431 ιδιοποιήσατο.
1612 1361 1849 1415 Καμπανοὶ

455 1411 504 1456 δὲ
543 1414 668 1457 οὑτοι
714 1417 849 1470 ἦσαν,
892 1419 965 1460 καὶ
977 1417 1205 1489 ἐποίησαν
1243 1435 1355 1462 κατα
1384 1419 1462 1460 τὸν
1492 1416 1652 1473 ὅμοιον
1682 1417 1848 1479 τρόπον

455 1471 768 1543 Μαμερτίνοις,
802 1472 943 1529 ω’,ςπερ
971 1474 1134 1519 εκεῖνοι
1153 1477 1439 1545 Μεσσηνίους
1469 1474 1725 1530 σφάξαντες.
1756 1479 1848 1518 εἶτα

366 1523 426 1566 75
451 1541 534 1594 την
564 1529 779 1583 διαίρεσιν
807 1534 884 1585 τῆς
907 1530 1106 1603 κτήσεως
1119 1535 1208 1574 τῶν
1231 1530 1512 1588 ἠτυχηκότων
1542 1531 1698 1575 ἄδικον
1724 1547 1848 1587 ποιη-

455 1581 654 1638 σαμενος,
688 1585 928 1637 εξέπεσεν’
911 1604 959 1631 εκ
988 1593 1070 1632 τοῦ
1095 1587 1277 1644 Ρηγίου
1309 1589 1604 1644 φυγαδευθεὶς
1636 1587 1723 1631 ὑπὸ
1752 1605 1844 1631 των

451 1641 576 1682 ἰδίων
596 1645 862 1697 Καμπανῶν.
889 1645 1171 1715 συνήργησαν
1193 1645 1238 1689 δὲ
1265 1647 1339 1689 καὶ
1362 1649 1650 1699 Μαμερτῖνοι,
1681 1648 1724 1688 οι
1740 1644 1844 1717 μετὰ

451 1713 541 1739 των
571 1700 846 1753 λειφθέντων
873 1702 1110 1772 χρήματων
1140 1702 1385 1759 στρατηγὸν
1428 1702 1653 1758 ἐποίησαν.
1686 1719 1760 1745 και
1790 1701 1844 1771 δή

452 1752 706 1821 ὀφθαλμίας
734 1757 874 1801 νόσου
914 1758 1050 1802 αὐτὸν
1090 1760 1390 1828 περιεχούσης,
1433 1776 1520 1802 των
1561 1761 1727 1812 ἰατρων
1767 1758 1844 1802 τὸν

368 1810 420 1849 80
452 1809 636 1866 δόκιμον
667 1816 1056 1871 μεταστειλαμένου
1096 1815 1258 1868 αὐτοῦ,
1295 1832 1383 1885 την
1411 1815 1545 1886 ὕβριν
1574 1820 1651 1871 τῆς
1680 1819 1838 1869 πατρί·
1819 1819 1911 1857 ‘492

451 1869 528 1918 δος
562 1869 747 1913 ἐκδικων
776 1875 1047 1943 κανθαρίσιν
1092 1872 1305 1929 ὑπήλειψε
1334 1871 1414 1916 τόν
1444 1872 1628 1923 Δέκιον,
1665 1873 1739 1916 καὶ
1768 1876 1845 1929 τῆς

453 1923 647 1978 ὁρασεως
678 1926 814 1972 αὐτόν
844 1928 1130 1987 ἀπεστέρησε,
1163 1931 1237 1973 καὶ
1267 1929 1422 1986 φεύγει
1451 1929 1498 1974 ἐκ
1529 1928 1775 1985 Μεσσήνης.

367 2005 420 2046 85
564 2006 688 2049 Κατὰ
718 2007 765 2051 δὲ
794 2011 1005 2054 Σικελίαν
1044 2005 1160 2079 ἦσαν
1189 2009 1403 2065 τύραννοι
1429 2006 1587 2061 Ἱκέτας
1617 2010 1664 2052 ἐν
1693 2012 1840 2064 Συρα-

449 2060 590 2117 κόσῃ,
637 2066 817 2137 Φιντίας
857 2067 918 2117 εἰς
953 2065 1246 2136 Ακράγαντα,
1291 2068 1553 2120 Τυνδαρίων
1583 2082 1631 2109 εν
1665 2069 1841 2134 Ταυρο-

449 2120 610 2172 μενίῳ,
652 2121 727 2165 καὶ
758 2122 910 2193 ε’τεροι
943 2140 1035 2166 των
1065 2122 1314 2168 ελαττόνων
1342 2122 1527 2167 πόλεων.
1586 2124 1766 2174 Φιντίας
1797 2120 1844 2166 δὲ

446 2175 522 2217 καὶ
548 2174 704 2228 Ἱκέτας
733 2179 842 2233 πρὸς
885 2178 1104 2251 ἀλλήλους
1132 2179 1326 2250 πόλεμον
1357 2178 1673 2251 ενστησάμενοι
1701 2194 1840 2233 παρε-

446 2229 631 2283 τάξαντο
662 2237 760 2289 περι
789 2237 868 2280 τόν
891 2236 1132 2293 “”’Τβλαιον,
1175 2237 1249 2281 καὶ
1278 2236 1360 2305 τὴν
1389 2238 1519 2293 νίκην
1544 2235 1701 2287 Ικέτας
1732 2234 1841 2304 ἄπη-

361 2297 415 2336 90
445 2304 642 2343 Ψὲγκατο
686 2294 967 2361 καταδρομὰς
1006 2295 1053 2338 δὲ
1090 2293 1202 2350 πρὸς
1230 2292 1446 2364 αλλήλους
1472 2292 1734 2348 ποιούμενοι
1762 2292 1840 2344 τοὶς

442 2344 615 2414 κτήσεις
646 2348 915 2404 διήρπασαν,
945 2368 1026 2407 την
1057 2352 1102 2394 δὲ
1132 2351 1280 2408 χώραν
1310 2349 1585 2420 ἀγεώργητον
1614 2349 1837 2404 ἐποίησαν.

442 2399 600 2454 Ικέτας
631 2406 676 2448 δὲ
717 2423 769 2462 τη
800 2409 901 2463 νίκη
938 2408 1229 2464 επαιρόμενος
1269 2406 1540 2461 παρετάξατο
1571 2405 1682 2476 πρὸς
1710 2409 1838 2458 Καρ-

441 2461 701 2516 χηδονίους,
751 2464 825 2508 καὶ
871 2466 1069 2521 λειφθεὶς
1112 2463 1303 2515 πολλοὺς
1343 2462 1609 2519 στρατιώτας
1648 2460 1837 2520 απὲβαλε

531 2575 586 2608 73.
613 2574 746 2611 ἐκεῖνοι
770 2580 1006 2623 Μεσσηνίους
1028 2579 1167 2621 Rhod„
1204 2576 1366 2618 ἐκείνους
1392 2575 1609 2623 Μεσηνέους
1632 2576 1668 2610 Η

530 2621 587 2654 37.
622 2636 659 2657 οι
684 2624 816 2657 addidit
840 2626 957 2658 Rhod.
1739 2666 1746 2677 ,

529 2668 607 2702 495
635 2669 692 2702 81.
717 2672 942 2715 κανθαρίσιν
965 2671 1095 2711 Βὴοᾱ.,
1120 2668 1353 2714 κανθάρησιν
1378 2670 1413 2702 11
1532 2668 1590 2702 82.
1614 2653 1833 2713 απεστερησε

437 2736 651 2770 schaeferus
685 2739 1246 2784 adSchol.Ap0110n.p.206.
1281 2737 1494 2783 ἐπεστέρησε
1520 2739 1553 2770 H
1647 2736 1705 2771 85.
1736 2739 1833 2771 Τυν-

436 2783 739 2872 ἓίέὶεέιὲίζνῃῖἰῐιοά..
772 2785 983 2833 Ίύνὸοὶριος
1007 2787 1043 2820 H
1182 2785 1239 2821 92.
1266 2785 1435 2830 λειφθεὶς
1473 2782 1736 2828 wesselingius,
1770 2786 1833 2828 λη
