1968 3346
383 208 471 241 v111
693 191 775 235 EX
805 192 855 236 A.
887 190 1017 236 MAII
1045 191 1459 238 PRAEFATIONE.

382 309 533 359 torsit,
564 305 746 349 minutis
776 312 829 347 ut
858 304 951 346 dixi
979 305 1138 347 litteris
1168 314 1373 359 exarato,
1408 315 1640 366 tantaeque
1669 324 1764 353 mo-

383 382 436 424 lis
472 387 524 422 ut
563 383 774 420 trecentas
813 383 855 418 et
893 377 1212 433 quinquaginta
1249 386 1441 434 quatuor
1470 378 1546 421 lati
1593 382 1764 424 moduli

382 451 561 510 paginas
593 447 771 498 habeat,
799 461 989 502 quarum
1018 448 1212 504 singulae
1239 447 1435 490 versibus
1465 448 1587 492 haud
1615 452 1763 493 minus

381 523 560 578 triginta
591 519 766 561 duobus
807 527 1095 575 occupantur.
1154 519 1349 561 Perlecto
1379 519 1590 573 demum,
1631 523 1766 564 meri-

382 592 519 635 dianis
558 590 816 648 praesertim
859 589 1183 646 splendidisque
1212 589 1295 631 diei
1325 586 1472 644 horis,
1512 593 1765 649 exscripto-

383 678 472 721 que
504 662 676 709 codice,
716 659 830 703 illud
866 675 1027 717 nempe
1065 667 1292 717 supererat
1331 668 1383 703 ut
1418 669 1619 704 auctores
1648 663 1765 705 miro

382 737 514 778 cinno
545 740 588 776 et
617 746 767 774 errore
795 731 841 772 in
869 729 1157 788 palimpsesto
1188 730 1397 773 confusos
1427 730 1767 790 distinguerem3

381 807 623 865 primoque
652 816 806 844 omnes
841 801 956 843 inter
994 816 1058 852 se,
1106 800 1259 844 deinde
1295 817 1451 845 rursus
1487 804 1769 860 singulorum

380 885 550 937 partes,
581 873 801 932 dispositis
830 879 930 929 apte
958 871 1101 924 foliis,
1131 873 1410 925 ordinarem3
1447 874 1769 932 fasciculosque

383 955 550 992 veteres
585 945 627 987 id
659 951 722 987 est
752 943 1062 1001 quaterniones
1092 943 1238 986 denuo
1275 959 1617 1003 componerem,
1657 961 1770 1002 quos

383 1017 603 1062 recentior
631 1015 739 1058 novi
768 1014 924 1057 codicis
953 1015 1144 1072 scriptor
1172 1029 1326 1072 scopas
1343 1014 1504 1058 fecerat
1522 1016 1768 1059 dissolutas.

386 1091 531 1145 Atque
558 1087 734 1129 utinam
755 1085 1104 1141 quaternionum
1132 1093 1333 1129 veterum
1358 1087 1607 1130 numerales
1639 1096 1769 1130 notae

386 1161 564 1218 uspiam
592 1156 800 1199 fuissent!
851 1157 1022 1198 Verum
1051 1155 1118 1198 his
1148 1157 1295 1199 nescio
1335 1173 1426 1214 quo
1459 1173 1561 1201 casu
1590 1166 1666 1200 aut
1693 1174 1770 1201 so-

387 1230 536 1272 cordia
575 1227 744 1270 librarii
787 1227 897 1269 olim
936 1227 1132 1277 omissis,
1183 1228 1385 1270 universa
1425 1231 1770 1285 quaternionum

387 1300 604 1344 restitutio
647 1298 756 1340 duce
795 1297 908 1339 serie
949 1297 1160 1339 orationis
1198 1298 1447 1353 mentisque
1486 1300 1771 1343 meditatione

386 1370 578 1414 curanda
615 1369 724 1419 fuit3
776 1368 904 1420 huic,
951 1369 1158 1425 inquam,
1196 1369 1326 1410 unico
1364 1367 1502 1411 fidens
1542 1369 1769 1410 ariadnaeo

387 1443 521 1487 veluti
551 1441 629 1483 filo
661 1454 717 1482 ex
747 1440 962 1496 ambiguis
980 1439 1280 1496 tortuosisque
1298 1440 1543 1498 labyrinthi
1563 1438 1772 1481 anfracti-

386 1514 470 1556 bus
510 1512 674 1569 pedem
714 1510 869 1553 extuli.
944 1510 1061 1551 Illud
1099 1525 1279 1565 quoque
1320 1510 1506 1567 augebat
1541 1508 1772 1552 ordinandi

384 1583 638 1627 molestiam
667 1589 800 1639 atque
828 1581 1101 1639 periculum3
1135 1581 1258 1638 quod
1285 1580 1402 1623 idem
1433 1579 1666 1637 aliquando
1698 1594 1773 1620 ar-

386 1661 677 1712 gumentum,
707 1660 816 1710 puta
846 1653 1065 1710 punicum
1090 1652 1281 1703 bellum,
1314 1668 1338 1693 a
1355 1652 1497 1694 tribus
1519 1649 1772 1692 auctoribus

386 1726 670 1768 narrabatur:
703 1739 838 1780 quare
867 1723 1019 1765 sedulo
1050 1722 1291 1765 cavendum
1322 1722 1409 1766 fuit
1437 1738 1494 1764 ne
1523 1721 1593 1765 vel
1623 1720 1772 1762 omnia

389 1798 464 1840 uni
495 1797 821 1848 tribuerentur,
857 1796 926 1838 vel
958 1795 1076 1851 quod
1107 1794 1244 1849 magis
1273 1809 1474 1851 pronum
1503 1799 1623 1844 erat,
1662 1806 1772 1848 per-

388 1868 577 1910 mutatio
598 1875 836 1909 auctorum
866 1866 1160 1920 materiaeque
1188 1863 1336 1917 fieret,
1366 1880 1413 1907 ac
1441 1863 1580 1908 veluti
1609 1862 1772 1904 alienae

388 1938 558 1981 sobolis
584 1939 861 1996 suppositi03
890 1938 950 1980 ita
979 1944 1029 1978 ut
1059 1934 1220 1991 singuli
1249 1944 1448 1979 auctores
1477 1950 1556 1977 sua
1583 1949 1632 1976 re
1658 1948 1772 1975 care-

389 2016 512 2060 rent,
543 2008 728 2050 alienam
759 2009 882 2050 inviti
912 2008 1180 2064 reciperent:
1223 2007 1298 2063 qui
1329 2022 1454 2048 error
1486 2014 1530 2048 et
1557 2004 1771 2047 ridiculus

391 2080 688 2121 committenti
717 2078 855 2131 soret,
895 2086 938 2120 et
969 2077 1128 2133 legenti
1168 2077 1508 2128 incommodus,
1547 2083 1772 2118 etaucto-

389 2165 496 2192 rum
543 2150 780 2193 characteri
823 2149 1053 2205 famaeque
1095 2147 1368 2189 damnificus.
1445 2145 1771 2188 Fasciculorum

391 2221 537 2276 itaque
564 2229 769 2264 veterum
794 2221 1033 2262 instaurata
1062 2234 1085 2260 a
1114 2234 1188 2261 me
1216 2219 1400 2261 feliciter
1427 2218 1540 2260 ratio
1570 2216 1672 2259 feeit
1697 2232 1772 2274 ap-

391 2291 561 2347 prime,
590 2306 646 2333 ne
674 2307 743 2333 res
762 2291 931 2347 aliquot
954 2290 1213 2347 praesertim
1236 2289 1419 2331 Diodori
1440 2291 1496 2339 (v.
1519 2303 1586 2344 gr.
1608 2289 1773 2346 Pyrrhi

389 2360 580 2418 bellum)
612 2377 716 2403 cum
737 2361 889 2404 Dionjs
919 2361 1050 2402 simili
1079 2361 1263 2402 historia
1293 2359 1630 2403 confunderem.
1675 2359 1774 2402 Iam

389 2433 590 2475 inventas
620 2433 787 2489 eclogas
810 2447 897 2488 qua
925 2433 1098 2474 ratione
1125 2432 1374 2488 quibusque
1403 2431 1568 2473 indiciis
1599 2445 1647 2473 ac
1674 2446 1772 2472 mo-

389 2504 551 2545 mentis
588 2504 809 2562 impulsus
844 2504 892 2544 in
930 2503 1122 2546 divorsos
1163 2503 1374 2558 cuiusque
1407 2502 1595 2544 auctoris
1633 2500 1772 2542 libros

390 2575 623 2617 tribuerim
653 2575 836 2627 (etiamsi
864 2589 965 2616 raro
997 2574 1139 2615 codex
1167 2573 1420 2629 singillatim
1443 2572 1579 2614 libros
1603 2586 1774 2614 memo-

391 2645 537 2698 rabat)
584 2646 749 2688 scholia
784 2661 882 2687 mea
921 2645 1162 2696 docebunt3
1203 2659 1346 2700 neque
1386 2644 1504 2685 enim
1534 2643 1772 2700 quicquam

392 2722 581 2768 temere,
612 2716 681 2759 vel
703 2716 794 2757 sine
818 2714 944 2757 venia
966 2715 1141 2757 lectoris
1167 2714 1259 2758 seci.
1317 2714 1601 2756 Scholiorum
1623 2721 1772 2755 autem

393 2801 600 2830 meorum
623 2787 789 2846 triplex
806 2795 955 2843 ‘genus
986 2794 1071 2837 est3
1102 2787 1304 2844 primum
1336 2785 1581 2830 minoribus
1610 2784 1772 2828 iormis
