1968 3346
470 710 1276 772 PRAEFATIO.

175 940 315 1011 Inter
346 981 488 1026 opera
517 966 736 1021 litterata,
784 964 944 1023 quibus
970 979 1137 1008 nomen
1167 979 1294 1008 suum
1327 966 1576 1011 nobilitavit

178 1047 492 1092 Constantinus
522 1049 771 1106 imperator
800 1044 1242 1106 porphyrogenitus,
1289 1046 1436 1105 primo
1470 1048 1573 1092 loco

176 1144 459 1172 numeramus
483 1127 704 1188 grandem
722 1127 814 1171 eius
831 1126 1096 1187 eclogarum
1116 1141 1170 1170 ex
1185 1127 1408 1171 veteribus
1428 1127 1573 1172 histo-

175 1210 277 1253 ricis
302 1209 641 1263 collectionem,
680 1207 814 1251 etiam
843 1213 1084 1266 postquam
1119 1208 1261 1266 ampli
1293 1208 1440 1266 operis
1465 1224 1571 1267 pars

174 1290 315 1350 longe
340 1291 534 1333 maxima
557 1303 641 1347 per
668 1287 860 1333 eandem
881 1287 1182 1332 insecutorum
1203 1295 1459 1347 temporum
1493 1305 1571 1334 seu

173 1371 376 1415 inertiam
397 1386 475 1414 seu
502 1370 839 1424 infelicitatem,
880 1382 998 1427 quae
1013 1369 1272 1412 instituendi
1295 1385 1445 1414 caussa
1469 1371 1571 1414 fue-

173 1458 242 1496 rat
261 1451 574 1507 Constantino,
603 1450 815 1510 neglecta
833 1450 979 1509 periit.
1015 1450 1074 1494 Ei
1092 1451 1221 1509 operi
1242 1450 1434 1494 Diodori
1454 1467 1572 1510 quo-

171 1549 262 1591 que
299 1533 358 1577 de
389 1532 549 1592 viginti
590 1532 787 1590 quinque
819 1530 1008 1589 perditis
1043 1530 1170 1573 libris
1198 1536 1367 1575 tantum
1399 1532 1457 1576 ad
1488 1547 1570 1576 nos

170 1619 480 1674 propagatum
515 1612 757 1666 debemus,
805 1611 927 1655 unde
962 1617 1006 1655 et
1034 1611 1183 1654 forma
1213 1612 1442 1656 universae
1475 1613 1569 1658 eius

169 1694 489 1739 Bibliothecae
532 1692 780 1737 accuratius
821 1691 1036 1752 cognosci
1077 1697 1120 1734 et
1154 1690 1339 1735 historia
1378 1694 1566 1737 multum

169 1790 305 1832 saepe
324 1772 533 1816 illustrari
554 1773 708 1831 possit.
760 1772 883 1826 Quas
906 1773 998 1816 eius
1020 1771 1230 1829 reliquias
1252 1778 1464 1830 quattuor
1485 1774 1567 1818 viri

113 1908 117 1911 Α
170 1856 425 1899 exstiterunt
456 1853 532 1911 qui
560 1854 617 1896 ab
649 1852 829 1897 interitu
857 1852 1144 1898 vindicarent.
1215 1853 1286 1897 Ac
1315 1854 1484 1913 primus
1510 1855 1564 1900 F.

167 1935 373 1990 Vrsinus,
429 1932 627 1993 acceptis
668 1934 726 1976 ab
769 1934 872 1977 Ant.
917 1933 1170 1993 Augustino
1213 1934 1564 1995 archiepiscopo

167 2014 500 2061 Tarraconensi
533 2014 713 2072 Polybii
753 2014 1017 2074 fragmentis
1059 2013 1169 2077 περὶ
1208 2016 1478 2078 πρεσβειῶν
1513 2016 1564 2076 *)

167 2096 462 2154 quibusdam,
515 2110 625 2152 quas
664 2095 880 2138 loannem
920 2093 1235 2153 Cpolitanuni,
1284 2095 1393 2138 dum
1427 2096 1563 2139 Rom.

168 2177 476 2235 antiquitatem
519 2175 563 2218 in
603 2176 754 2234 capita
790 2181 834 2218 et
865 2175 991 2219 locos
1023 2190 1283 2220 communes
1321 2176 1562 2236 digereret,

168 2258 405 2317 collegisse
443 2256 618 2312 scribit,
667 2272 720 2300 ea
754 2256 1009 2315 fragmenta
1039 2256 1315 2315 Antverpiae
1353 2257 1493 2301 edidit
1521 2274 1560 2305 a.

170 2337 343 2394 1582„
381 2343 663 2382 caeterorum
697 2352 808 2395 quos
840 2353 942 2381 eum
976 2351 1030 2380 ex
1064 2337 1225 2380 eodem
1262 2338 1424 2383 codice
1461 2339 1561 2383 edi-

169 2419 285 2462 disse
305 2424 431 2478 patet
453 2418 793 2473 historicorum,
830 2417 1053 2476 Dionysii,
1091 2417 1306 2474 Diodori,
1343 2419 1559 2478 Appiani,

167 2499 347 2553 Dionis,
399 2514 455 2542 ne
494 2500 744 2542 nominibus
790 2499 975 2556 quidem
1009 2514 1156 2556 neque
1198 2499 1243 2541 in
1277 2502 1559 2559 praetatione

166 2595 314 2638 neque
344 2579 389 2622 in
418 2579 521 2624 libri
558 2580 843 2640 inscriptione
884 2580 965 2623 nisi
1004 2581 1175 2640 pagina
1213 2595 1367 2625 aversa
1406 2582 1559 2626 locum

258 2723 292 2768 ’)
316 2724 520 2771 πρεσβειῶν
544 2724 706 2758 Vrsinnm
738 2724 916 2766 intulis-se,
952 2736 1059 2768 quum
1092 2722 1278 2771 πρέσβεων
1303 2724 1339 2758 in
1363 2725 1482 2759 codice
1508 2725 1560 2758 in—

166 2781 337 2824 venisset,
372 2794 394 2817 a
419 2782 757 2827 Schweighaeusero
791 2783 902 2826 praef.
936 2783 980 2816 ad
1016 2784 1141 2826 Pom„
1169 2785 1236 2816 vol.
1254 2783 1296 2816 ll.
1323 2794 1354 2826 p.
1379 2784 1453 2816 KV.
1482 2794 1561 2816 ruo-

166 2840 278 2874 n'itum
301 2845 363 2874 est.
414 2841 534 2884 Quare
557 2844 593 2874 et
617 2851 674 2874 me
699 2840 804 2875 velim
828 2840 1016 2888 πρέσβεων
1039 2843 1197 2886 posuisse
1221 2854 1254 2886 p.
1274 2842 1351 2875 152.
